2610 3960
357 139 441 194 NAT.
460 139 553 194 Hier.
574 138 626 192 ΧΠ
649 145 753 195 rr-re
773 142 900 210 (ao-re)
1072 141 1136 206 301

116 292 339 370 acervatimque
372 296 513 368 congesta
544 288 652 350 honori
689 289 864 352 cadaverum
897 309 972 370 quae
1005 291 1051 352 dis
1083 311 1138 372 per

116 380 251 460 singulas
281 381 373 441 micas
403 378 520 439 dantur.
572 396 628 439 neo
658 380 757 441 minus
788 381 912 460 propitii
943 389 1029 442 erant
1061 381 1138 442 mola

116 469 195 531 salsa
214 467 460 549 supplicantibus,
482 469 573 528 bnmo
596 485 677 548 vero,
699 475 734 528 ut
750 468 847 547 palam
871 478 931 552 est,
952 469 1138 550 placationes.

116 577 223 621 verum
247 557 372 620 Arabiae
397 559 560 618 etiamnum
582 555 699 634 felitius
722 573 804 618 mare
828 566 882 619 est.
922 577 960 619 en
981 558 1033 620 illo
1056 578 1136 620 nam-
1157 562 1192 612 84

82 662 178 728 eque
206 649 383 726 margaritas
410 648 509 707 mittit.
559 646 740 725 minimaque
769 649 989 726 computatione
1019 648 1138 711 miliens

115 744 247 799 centena
275 735 356 798 milia
386 737 560 796 sestertium
589 736 675 795 annis
706 732 845 796 omnibus
874 735 957 798 ludia
987 745 1018 798 et
1048 737 1138 798 Seres

114 834 149 888 et
179 824 354 906 paeninsula
383 824 432 884 illa
462 825 588 909 imperio
617 831 721 885 nostro
752 824 894 886 adimunt.
947 829 1021 888 tanti
1051 825 1138 888 nobis

115 914 244 984 deliciae
267 922 299 976 et
320 915 447 992 feminae
472 919 618 974 constant.
664 920 754 991 quota
782 915 871 980 enlm¹
888 916 987 992 portio
1015 933 1051 976 ex
1080 915 1138 976 illis

116 1005 155 1065 ad
181 1004 253 1066 deos
277 1021 388 1082 quaeso
411 1004 471 1064 iam
494 1002 540 1061 vel
562 1001 599 1062 ad
622 1001 736 1062 inferos
758 999 912 1082 pertinet?

68 1109 99 1148 ιο
186 1086 242 1155 le.
257 1086 332 1174 (42)
353 1090 579 1152 Cinnamomum
598 1098 629 1150 et
647 1092 742 1152 casias
760 1090 894 1151 fabulose
912 1094 1044 1153 narravit
1061 1095 1135 1153 anti·
1155 1095 1190 1146 85
1280 1101 1285 1116 ’

116 1185 220 1262 quites
245 1183 447 1261 princepsque
470 1178 675 1240 Herodotus
705 1181 803 1240 arium
833 1179 911 1241 nidis
941 1188 973 1241 et
1000 1183 1139 1261 privatim

115 1270 288 1351 phoenicis,
310 1271 342 1330 in
365 1288 425 1350 quo
449 1271 508 1331 situ
530 1267 621 1329 Liber
642 1277 728 1349 pater
751 1268 895 1330 educatus
918 1277 1011 1350 esset,
1034 1288 1071 1330 en
1094 1272 1137 1331 in·

115 1362 176 1421 viis
199 1358 325 1439 rupibus
355 1357 572 1437 arboribusque
595 1357 704 1429 'decuti
735 1359 833 1420 earnis
864 1376 953 1438 quam
982 1360 1063 1439 ipsae
1094 1361 1137 1421 in-

115 1449 235 1510 ferrent
256 1446 389 1528 pendere
414 1454 466 1508 aut
486 1445 648 1527 plumbatis
672 1448 800 1530 sagittis,
826 1448 899 1508 item
922 1449 1031 1508 casiam
1059 1450 1138 1509 cirea

68 1553 98 1594 15
115 1537 243 1618 paludes
265 1542 473 1618 propugnante
496 1534 648 1615 unguibus
671 1535 737 1597 diro
759 1535 1005 1616 vespertilionum
1028 1555 1137 1616 genere

114 1627 298 1706 aligerisque
330 1623 536 1706 serpentibus,
572 1623 620 1684 his
652 1627 828 1686 commentis
861 1633 1004 1705 augentes
1036 1643 1137 1688 rerum

114 1717 224 1796 pretia.
261 1717 399 1778 comitata
416 1732 487 1775 vero
512 1712 611 1774 tabula
634 1714 738 1775 estad
762 1714 919 1776 meridiani
942 1714 1013 1776 solis
1036 1733 1138 1795 reper·
1152 1718 1192 1767 ’86

115 1823 227 1866 cussus
246 1802 476 1865 inenarrabilem
494 1801 644 1882 quendam
661 1805 865 1864 universitatis
887 1803 1013 1865 halitum
1037 1823 1053 1864 e
1077 1812 1138 1864 tota

114 1892 294 1975 paeninsula
313 1894 456 1953 exsistere
475 1899 521 1953 tot
544 1909 690 1971 generum
712 1909 802 1953 aurae
825 1894 958 1973 spirante
982 1900 1139 1972 concentu,

70 1997 100 2038 eo
114 1983 278 2062 Magnique
307 1980 467 2068 Alexandri
494 1979 640 2042 classibus
667 1979 804 2042 Arabiam
835 1982 966 2061 primum
996 1979 1139 2042 odoribus

115 2073 287 2134 nuntiatam
310 2073 341 2131 in
364 2069 466 2132 altum.
512 2071 611 2130 omnia
634 2069 719 2151 falsa,
747 2069 895 2149 siquidem
919 2071 1139 2130 cinnamomum

114 2161 259 2241 idemque
278 2162 448 2222 cinnamum
467 2159 601 2220 nascitur
622 2160 654 2218 in
672 2157 828 2238 Aethiopia
846 2157 1024 2238 Trogodytis
1048 2177 1138 2220 conu-

114 2251 170 2311 bio
193 2250 348 2330 permixta.
393 2248 425 2309 hi
447 2254 616 2310 mercantes
638 2246 668 2307 id
692 2266 709 2308 a
732 2248 927 2308 conterminis
950 2246 1062 2309 vehunt
1084 2265 1139 2327 per
1158 2252 1192 2301 8⁷

116 2329 214 2400 maria
236 2346 319 2401 vasta
342 2335 456 2399 ratibus
475 2354 549 2416 quas
572 2353 670 2416 neque
689 2334 890 2416 gubernacula
913 2344 1019 2416 regant
1041 2353 1139 2416 neque

73 2443 102 2486 ee
117 2430 198 2490 remi
221 2426 340 2489 trabant
363 2427 409 2487 vel
432 2425 587 2508 inpellant,
610 2443 671 2486 non
694 2423 767 2506 vela,
793 2441 855 2486 non
877 2427 952 2486 ratio
975 2424 1035 2486 ulla
1058 2425 1139 2487 adiu-

118 2526 186 2598 vet,
217 2517 351 2578 omnium
382 2518 476 2578 instar
508 2513 550 2576 ibi
577 2521 649 2576 sunt
679 2513 768 2575 bomo
799 2520 916 2576 tantum
948 2521 978 2576 et
1010 2514 1140 2576 audacia.

92 2645 96 2652 ·
118 2614 278 2686 praeterea
295 2602 455 2666 hibernum
472 2620 554 2665 mare
574 2605 697 2683 exigunt
715 2603 794 2664 circa
812 2601 957 2686 brumam,
976 2605 1058 2664 euris
1076 2611 1140 2664 tum

120 2697 250 2756 maxime
272 2693 421 2756 [lantibus
466 2692 498 2753 hi
521 2699 605 2754 recto
629 2711 721 2754 cursu
742 2709 798 2772 per
821 2695 906 2754 sinus
928 2690 1075 2772 inpellunt
1098 2699 1139 2752 at·
1159 2696 1192 2746 88
1235 2679 1242 2695 ⁴

121 2803 181 2864 que
214 2803 231 2845 a
262 2783 465 2864 promunturii
496 2779 610 2842 ambitu
642 2787 759 2861 argeste
786 2780 927 2843 deterunt
957 2783 989 2841 in
1020 2788 1140 2860 portum

76 2889 106 2930 eo
121 2872 356 2935 Gebbanitarum
380 2872 431 2951 qui
449 2876 573 2932 vocatur
593 2869 694 2933 Ocilia.
731 2869 925 2949 quamobrem
948 2868 991 2930 illi
1013 2871 1139 2931 maxime

120 2963 152 3024 id
170 2967 287 3042 petunt,
310 2959 502 3041 produntque
521 2961 570 3020 vix
588 2961 694 3039 quinto
713 2977 791 3021 anno
809 2961 921 3021 reverti
938 2960 1140 3039 negotiatores

193 3140 212 3188 4
230 3132 328 3214 erebia.
346 3136 382 3186 Ι.
491 3137 506 3186 7
530 3132 560 3185 et
577 3131 760 3202 paeneinsula
777 3137 812 3187 Ι.
844 3132 940 3202 paeni·
958 3135 1010 3188 nd.
1038 3130 1097 3186 -laa
1115 3148 1139 3185 a.

19 3215 23 3224 '
120 3207 219 3276 -laquo
236 3221 261 3260 o.
287 3205 292 3273 Ι
316 3202 390 3258 tenti
406 3207 442 3258 Ι.
470 3203 512 3258 ·to
530 3219 576 3258 re.
662 3201 744 3257 enei
763 3204 794 3258 ot
810 3209 846 3257 Ι.
874 3201 917 3258 uti
934 3203 972 3259 ed
988 3218 1033 3258 ro.
1107 3207 1140 3256 13

121 3277 255 3333 arborum
269 3280 304 3330 Ι.
321 3277 326 3344 l
342 3273 469 3331 cauernis
482 3279 518 3328 Ι
592 3278 635 3328 13.
646 3279 681 3330 14
698 3273 777 3344 ipsae
794 3273 932 3330 inferrent
943 3281 1000 3329 Ιυ.
1026 3274 1086 3344 ipse
1100 3275 1142 3328 in·

120 3350 210 3404 ferret
228 3347 377 3418 (ercino)
396 3345 490 3402 rDetl.
563 3350 598 3401 14
617 3346 773 3400 autunto.
801 3347 832 3402 et
843 3351 879 3402 Ι.
953 3352 986 3402 19
1005 3346 1143 3402 concentu
1191 3341 1202 3379 ⁴

121 3425 180 3476 Ιυ.
208 3420 334 3488 -ceptum
351 3434 375 3473 r.
466 3423 500 3474 20
525 3457 585 3474 .....
590 3434 620 3472 m
638 3416 770 3473 odoribus
788 3422 824 3471 Ι.
852 3417 938 3474 odore
955 3417 1079 3488 primum
1097 3431 1141 3471 ro.

195 3495 230 3544 24
248 3490 350 3559 regent
366 3487 430 3544 nlo.
463 3488 583 3544 sec-11¹.
615 3505 676 3543 rex·
695 3506 719 3542 e.
752 3504 812 3543 sex·
830 3493 856 3544 d.
947 3493 980 3544 25
999 3487 1059 3544 ulle
1076 3486 1140 3541 We.

122 3561 212 3624 iller,
267 3565 356 3616 abac
371 3559 523 3615 adiuveto.
543 3558 616 3614 -uuit
629 3559 658 3614 ll.
730 3564 765 3614 26
779 3559 867 3614 instar
880 3559 921 3614 ibi
933 3576 957 3616 o.
978 3558 1062 3614 -abiri
1074 3557 1147 3611 llil.¹
1257 3597 1263 3610 .

123 3631 206 3687 -nbili
224 3630 284 3685 ιᾱῑ.
357 3636 391 3687 28
410 3631 523 3687 incursu
541 3636 566 3686 d.
639 3636 674 3685 29
692 3632 805 3700 portum
823 3646 848 3686 o.
877 3632 921 3684 -bu
939 3631 967 3686 ll.
1201 3626 1206 3632 “
