<?xml version="1.0" encoding="UTF-8"?>
<!DOCTYPE html PUBLIC "-//W3C//DTD XHTML 1.0 Transitional//EN"
    "http://www.w3.org/TR/xhtml1/DTD/xhtml1-transitional.dtd">
<html xmlns="http://www.w3.org/1999/xhtml" xml:lang="en" lang="en">
 <head>
  <title>
</title>
<meta http-equiv="Content-Type" content="text/html;charset=utf-8" />
  <meta name='ocr-system' content='tesseract 3.04.00' />
  <meta name='ocr-capabilities' content='ocr_page ocr_carea ocr_par ocr_line ocrx_word'/>
</head>
<body>
  <div class='ocr_page' id='page_1' title='image "./cplinisecundina02mayhgoog_0131.png"; bbox 0 0 2620 3948; ppageno 0'>
   <div class='ocr_carea' id='block_1_1' title="bbox 178 199 848 267">
    <p class='ocr_par' dir='ltr' id='par_1_1' title="bbox 178 199 848 267">
     <span class='ocr_line' id='line_1_1' title="bbox 178 199 848 267; baseline -0.006 -11"><span class='ocrx_word' id='word_1_1' title='bbox 178 203 220 267; x_wconf 84' lang='grc'><strong>86</strong></span> <span class='ocrx_word' id='word_1_2' title='bbox 525 199 553 254; x_wconf 85' lang='lat' dir='ltr'><strong>C.</strong></span> <span class='ocrx_word' id='word_1_3' title='bbox 573 200 671 253; x_wconf 87' lang='lat' dir='ltr'>PLINI</span> <span class='ocrx_word' id='word_1_4' title='bbox 691 199 848 254; x_wconf 71' lang='lat' dir='ltr'><strong>securint</strong></span> 
     </span>
    </p>
   </div>
   <div class='ocr_carea' id='block_1_2' title="bbox 120 347 1241 3091">
    <p class='ocr_par' dir='ltr' id='par_1_2' title="bbox 176 347 1194 430">
     <span class='ocr_line' id='line_1_2' title="bbox 176 347 1194 430; baseline -0.004 -20"><span class='ocrx_word' id='word_1_5' title='bbox 176 370 258 430; x_wconf 90' lang='lat' dir='ltr'><strong>pore.</strong></span> <span class='ocrx_word' id='word_1_6' title='bbox 305 353 425 428; x_wconf 88' lang='lat' dir='ltr'><strong>sanguis</strong></span> <span class='ocrx_word' id='word_1_7' title='bbox 453 353 484 410; x_wconf 95' lang='lat' dir='ltr'><strong>in</strong></span> <span class='ocrx_word' id='word_1_8' title='bbox 510 348 600 408; x_wconf 88' lang='lat' dir='ltr'><strong>eorde</strong></span> <span class='ocrx_word' id='word_1_9' title='bbox 629 355 659 408; x_wconf 93' lang='lat' dir='ltr'><strong>et</strong></span> <span class='ocrx_word' id='word_1_10' title='bbox 687 350 765 408; x_wconf 87' lang='lat' dir='ltr'><strong>cirea</strong></span> <span class='ocrx_word' id='word_1_11' title='bbox 794 347 895 408; x_wconf 90' lang='lat' dir='ltr'><strong>oculos</strong></span> <span class='ocrx_word' id='word_1_12' title='bbox 919 355 1048 427; x_wconf 86' lang='lat' dir='ltr'><strong>tantum,</strong></span> <span class='ocrx_word' id='word_1_13' title='bbox 1081 350 1194 408; x_wconf 86' lang='lat' dir='ltr'><strong>viscera</strong></span> 
     </span>
    </p>

    <p class='ocr_par' dir='ltr' id='par_1_3' title="bbox 120 436 1040 518">
     <span class='ocr_line' id='line_1_3' title="bbox 120 436 1040 518; baseline -0.005 -17"><span class='ocrx_word' id='word_1_14' title='bbox 120 463 147 483; x_wconf 93' lang='lat'><strong>·-</strong></span> <span class='ocrx_word' id='word_1_15' title='bbox 178 443 241 500; x_wconf 93' lang='lat' dir='ltr'><strong>sine</strong></span> <span class='ocrx_word' id='word_1_16' title='bbox 265 439 376 518; x_wconf 80' lang='lat' dir='ltr'><strong>splene.</strong></span> <span class='ocrx_word' id='word_1_17' title='bbox 421 439 555 499; x_wconf 91' lang='lat' dir='ltr'><strong>bibernis</strong></span> <span class='ocrx_word' id='word_1_18' title='bbox 578 437 730 498; x_wconf 90' lang='lat' dir='ltr'><strong>mensibus</strong></span> <span class='ocrx_word' id='word_1_19' title='bbox 753 437 825 497; x_wconf 91' lang='lat' dir='ltr'><strong>latet</strong></span> <span class='ocrx_word' id='word_1_20' title='bbox 848 444 882 497; x_wconf 91' lang='lat' dir='ltr'><strong>ut</strong></span> <span class='ocrx_word' id='word_1_21' title='bbox 904 436 1040 497; x_wconf 78' lang='lat' dir='ltr'>lacertae.</span> 
     </span>
    </p>

    <p class='ocr_par' dir='ltr' id='par_1_4' title="bbox 125 521 1218 964">
     <span class='ocr_line' id='line_1_4' title="bbox 125 521 1192 610; baseline 0 -24"><span class='ocrx_word' id='word_1_22' title='bbox 125 537 175 586; x_wconf 78' lang='lat'><strong>123</strong></span> <span class='ocrx_word' id='word_1_23' title='bbox 245 522 304 589; x_wconf 81' lang='lat'><strong>34.</strong></span> <span class='ocrx_word' id='word_1_24' title='bbox 329 521 402 610; x_wconf 80' lang='lat'>(52)</span> <span class='ocrx_word' id='word_1_25' title='bbox 444 527 538 588; x_wconf 92' lang='lat' dir='ltr'><strong>Mutat</strong></span> <span class='ocrx_word' id='word_1_26' title='bbox 561 527 677 586; x_wconf 90' lang='lat' dir='ltr'><strong>colores</strong></span> <span class='ocrx_word' id='word_1_27' title='bbox 700 535 731 586; x_wconf 91' lang='lat' dir='ltr'><strong>et</strong></span> <span class='ocrx_word' id='word_1_28' title='bbox 755 525 932 605; x_wconf 79' lang='lat' dir='ltr'><strong>Scytharum</strong></span> <span class='ocrx_word' id='word_1_29' title='bbox 956 525 1114 586; x_wconf 77' lang='lat' dir='ltr'>tarandrus</span> <span class='ocrx_word' id='word_1_30' title='bbox 1138 545 1192 586; x_wconf 89' lang='lat' dir='ltr'><strong>nec</strong></span> 
     </span>
     <span class='ocr_line' id='line_1_5' title="bbox 177 615 1192 696; baseline -0.001 -20"><span class='ocrx_word' id='word_1_31' title='bbox 177 617 256 677; x_wconf 89' lang='lat' dir='ltr'><strong>aliud</strong></span> <span class='ocrx_word' id='word_1_32' title='bbox 279 635 315 678; x_wconf 88' lang='lat' dir='ltr'><strong>ex</strong></span> <span class='ocrx_word' id='word_1_33' title='bbox 339 619 375 676; x_wconf 92' lang='lat' dir='ltr'><strong>iis</strong></span> <span class='ocrx_word' id='word_1_34' title='bbox 400 635 474 695; x_wconf 92' lang='lat' dir='ltr'><strong>quae</strong></span> <span class='ocrx_word' id='word_1_35' title='bbox 498 616 558 696; x_wconf 96' lang='lat' dir='ltr'><strong>pilo</strong></span> <span class='ocrx_word' id='word_1_36' title='bbox 578 617 745 677; x_wconf 87' lang='lat' dir='ltr'><strong>vestiuntur</strong></span> <span class='ocrx_word' id='word_1_37' title='bbox 768 617 827 674; x_wconf 91' lang='lat' dir='ltr'><strong>nisi</strong></span> <span class='ocrx_word' id='word_1_38' title='bbox 849 617 880 674; x_wconf 92' lang='lat' dir='ltr'><strong>in</strong></span> <span class='ocrx_word' id='word_1_39' title='bbox 902 615 982 676; x_wconf 91' lang='lat' dir='ltr'><strong>Indis</strong></span> <span class='ocrx_word' id='word_1_40' title='bbox 1005 615 1121 696; x_wconf 80' lang='lat' dir='ltr'>lycaon,</span> <span class='ocrx_word' id='word_1_41' title='bbox 1144 617 1192 676; x_wconf 88' lang='lat' dir='ltr'><strong>eui</strong></span> 
     </span>
     <span class='ocr_line' id='line_1_6' title="bbox 176 703 1218 782; baseline -0.002 -18"><span class='ocrx_word' id='word_1_42' title='bbox 176 705 274 766; x_wconf 90' lang='lat' dir='ltr'><strong>iubata</strong></span> <span class='ocrx_word' id='word_1_43' title='bbox 299 706 426 766; x_wconf 73' lang='lat' dir='ltr'>traditur</span> <span class='ocrx_word' id='word_1_44' title='bbox 450 706 557 765; x_wconf 82' lang='lat' dir='ltr'><strong>cervix.</strong></span> <span class='ocrx_word' id='word_1_45' title='bbox 603 718 671 764; x_wconf 89' lang='lat' dir='ltr'><strong>nam</strong></span> <span class='ocrx_word' id='word_1_46' title='bbox 694 704 779 764; x_wconf 92' lang='lat' dir='ltr'><strong>thoes</strong></span> <span class='ocrx_word' id='word_1_47' title='bbox 808 738 850 746; x_wconf 94' lang='grc'><strong>-</strong></span> <span class='ocrx_word' id='word_1_48' title='bbox 878 703 1018 782; x_wconf 90' lang='lat' dir='ltr'><strong>luporum</strong></span> <span class='ocrx_word' id='word_1_49' title='bbox 1046 704 1075 764; x_wconf 93' lang='lat' dir='ltr'><strong>id</strong></span> <span class='ocrx_word' id='word_1_50' title='bbox 1099 719 1218 782; x_wconf 79' lang='lat' dir='ltr'><strong>genuss</strong></span> 
     </span>
     <span class='ocr_line' id='line_1_7' title="bbox 177 792 1193 874; baseline -0.002 -20"><span class='ocrx_word' id='word_1_51' title='bbox 177 801 222 854; x_wconf 91' lang='lat' dir='ltr'><strong>est</strong></span> <span class='ocrx_word' id='word_1_52' title='bbox 241 796 396 873; x_wconf 80' lang='lat' dir='ltr'><strong>procerius</strong></span> <span class='ocrx_word' id='word_1_53' title='bbox 415 794 613 874; x_wconf 92' lang='lat' dir='ltr'><strong>longitudine,</strong></span> <span class='ocrx_word' id='word_1_54' title='bbox 632 793 776 853; x_wconf 88' lang='lat' dir='ltr'><strong>brevitate</strong></span> <span class='ocrx_word' id='word_1_55' title='bbox 795 811 919 854; x_wconf 91' lang='lat' dir='ltr'><strong>crurum</strong></span> <span class='ocrx_word' id='word_1_56' title='bbox 938 793 1092 873; x_wconf 83' lang='lat' dir='ltr'>dissimile,</span> <span class='ocrx_word' id='word_1_57' title='bbox 1110 792 1193 853; x_wconf 79' lang='lat' dir='ltr'><strong>velox</strong></span> 
     </span>
     <span class='ocr_line' id='line_1_8' title="bbox 177 881 1192 964; baseline -0.001 -22"><span class='ocrx_word' id='word_1_58' title='bbox 177 883 265 964; x_wconf 89' lang='lat' dir='ltr'><strong>saltu,</strong></span> <span class='ocrx_word' id='word_1_59' title='bbox 288 892 396 945; x_wconf 80' lang='lat' dir='ltr'><strong>venatu</strong></span> <span class='ocrx_word' id='word_1_60' title='bbox 420 887 535 963; x_wconf 82' lang='lat' dir='ltr'><strong>virens,</strong></span> <span class='ocrx_word' id='word_1_61' title='bbox 561 885 725 942; x_wconf 88' lang='lat' dir='ltr'><strong>innocuum</strong></span> <span class='ocrx_word' id='word_1_62' title='bbox 748 881 859 942; x_wconf 93' lang='lat' dir='ltr'><strong>homini</strong></span> <span class='ocrx_word' id='word_1_63' title='bbox 889 916 930 924; x_wconf 89' lang='lat'><em>-</em></span> <span class='ocrx_word' id='word_1_64' title='bbox 959 881 1105 962; x_wconf 90' lang='lat' dir='ltr'><strong>habitum,</strong></span> <span class='ocrx_word' id='word_1_65' title='bbox 1133 901 1192 950; x_wconf 86' lang='lat' dir='ltr'><strong>non</strong></span> 
     </span>
    </p>

    <p class='ocr_par' dir='ltr' id='par_1_5' title="bbox 125 970 1234 1740">
     <span class='ocr_line' id='line_1_9' title="bbox 125 970 1191 1053; baseline 0.004 -26"><span class='ocrx_word' id='word_1_66' title='bbox 125 980 176 1028; x_wconf 80' lang='lat'><strong>124</strong></span> <span class='ocrx_word' id='word_1_67' title='bbox 186 971 329 1053; x_wconf 89' lang='lat' dir='ltr'><strong>colorem,</strong></span> <span class='ocrx_word' id='word_1_68' title='bbox 353 979 481 1052; x_wconf 89' lang='lat' dir='ltr'><strong>mutant,</strong></span> <span class='ocrx_word' id='word_1_69' title='bbox 505 990 559 1051; x_wconf 89' lang='lat' dir='ltr'><strong>per</strong></span> <span class='ocrx_word' id='word_1_70' title='bbox 577 971 691 1031; x_wconf 81' lang='lat' dir='ltr'>hiemes</span> <span class='ocrx_word' id='word_1_71' title='bbox 710 970 794 1051; x_wconf 80' lang='lat' dir='ltr'>hirti,</span> <span class='ocrx_word' id='word_1_72' title='bbox 814 979 925 1032; x_wconf 89' lang='lat' dir='ltr'><strong>aestate</strong></span> <span class='ocrx_word' id='word_1_73' title='bbox 944 971 1025 1031; x_wconf 83' lang='lat' dir='ltr'><strong>ntrdi.</strong></span> <span class='ocrx_word' id='word_1_74' title='bbox 1052 971 1191 1032; x_wconf 81' lang='lat' dir='ltr'><strong>tarandro</strong></span> 
     </span>
     <span class='ocr_line' id='line_1_10' title="bbox 175 1059 1190 1142; baseline 0 -22"><span class='ocrx_word' id='word_1_75' title='bbox 175 1062 347 1140; x_wconf 82' lang='lat' dir='ltr'><strong>magnitudo</strong></span> <span class='ocrx_word' id='word_1_76' title='bbox 371 1079 446 1141; x_wconf 90' lang='lat' dir='ltr'><strong>quae</strong></span> <span class='ocrx_word' id='word_1_77' title='bbox 470 1061 537 1121; x_wconf 88' lang='lat' dir='ltr'><strong>bovi</strong></span> <span class='ocrx_word' id='word_1_78' title='bbox 561 1061 621 1142; x_wconf 85' lang='lat' dir='ltr'><strong>est,</strong></span> <span class='ocrx_word' id='word_1_79' title='bbox 655 1068 743 1139; x_wconf 92' lang='lat' dir='ltr'><strong>caput</strong></span> <span class='ocrx_word' id='word_1_80' title='bbox 765 1061 860 1120; x_wconf 89' lang='lat' dir='ltr'><strong>maius</strong></span> <span class='ocrx_word' id='word_1_81' title='bbox 884 1062 1004 1120; x_wconf 84' lang='lat' dir='ltr'><strong>cerrino</strong></span> <span class='ocrx_word' id='word_1_82' title='bbox 1034 1079 1089 1120; x_wconf 88' lang='lat' dir='ltr'><strong>nec</strong></span> <span class='ocrx_word' id='word_1_83' title='bbox 1116 1059 1190 1120; x_wconf 89' lang='lat' dir='ltr'><strong>absi-</strong></span> 
     </span>
     <span class='ocr_line' id='line_1_11' title="bbox 175 1148 1233 1230; baseline 0 -22"><span class='ocrx_word' id='word_1_84' title='bbox 175 1150 257 1230; x_wconf 83' lang='lat' dir='ltr'>mile,</span> <span class='ocrx_word' id='word_1_85' title='bbox 288 1167 553 1230; x_wconf 82' lang='lat' dir='ltr'><strong>cornuaramosa,</strong></span> <span class='ocrx_word' id='word_1_86' title='bbox 582 1149 708 1228; x_wconf 91' lang='lat' dir='ltr'><strong>ungulae</strong></span> <span class='ocrx_word' id='word_1_87' title='bbox 732 1148 851 1228; x_wconf 86' lang='lat' dir='ltr'><strong>bifidae,</strong></span> <span class='ocrx_word' id='word_1_88' title='bbox 879 1148 966 1209; x_wconf 86' lang='lat' dir='ltr'><strong>villus</strong></span> <span class='ocrx_word' id='word_1_89' title='bbox 989 1149 1233 1228; x_wconf 64' lang='lat' dir='ltr'><strong>magnitudinem</strong></span> 
     </span>
     <span class='ocr_line' id='line_1_12' title="bbox 175 1237 1190 1319; baseline 0.001 -22"><span class='ocrx_word' id='word_1_90' title='bbox 175 1257 329 1318; x_wconf 90' lang='lat' dir='ltr'><strong>ursorum,</strong></span> <span class='ocrx_word' id='word_1_91' title='bbox 360 1239 426 1319; x_wconf 92' lang='lat' dir='ltr'><strong>sed,</strong></span> <span class='ocrx_word' id='word_1_92' title='bbox 457 1257 525 1298; x_wconf 91' lang='lat' dir='ltr'><strong>cum</strong></span> <span class='ocrx_word' id='word_1_93' title='bbox 549 1237 635 1299; x_wconf 92' lang='lat' dir='ltr'><strong>libuit</strong></span> <span class='ocrx_word' id='word_1_94' title='bbox 658 1239 705 1298; x_wconf 90' lang='lat' dir='ltr'><strong>sui</strong></span> <span class='ocrx_word' id='word_1_95' title='bbox 733 1237 841 1297; x_wconf 88' lang='lat' dir='ltr'><strong>eoloris</strong></span> <span class='ocrx_word' id='word_1_96' title='bbox 866 1256 945 1318; x_wconf 87' lang='lat' dir='ltr'><strong>esse,</strong></span> <span class='ocrx_word' id='word_1_97' title='bbox 976 1239 1052 1298; x_wconf 91' lang='lat' dir='ltr'><strong>asini</strong></span> <span class='ocrx_word' id='word_1_98' title='bbox 1079 1237 1190 1298; x_wconf 86' lang='lat' dir='ltr'><strong>similis.</strong></span> 
     </span>
     <span class='ocr_line' id='line_1_13' title="bbox 174 1326 1192 1406; baseline 0 -20"><span class='ocrx_word' id='word_1_99' title='bbox 174 1329 287 1406; x_wconf 82' lang='lat' dir='ltr'><strong>tergori</strong></span> <span class='ocrx_word' id='word_1_100' title='bbox 310 1335 391 1387; x_wconf 89' lang='lat' dir='ltr'><strong>tanta</strong></span> <span class='ocrx_word' id='word_1_101' title='bbox 415 1327 523 1387; x_wconf 91' lang='lat' dir='ltr'><strong>duritia</strong></span> <span class='ocrx_word' id='word_1_102' title='bbox 551 1334 585 1386; x_wconf 92' lang='lat' dir='ltr'><strong>nt</strong></span> <span class='ocrx_word' id='word_1_103' title='bbox 607 1326 745 1386; x_wconf 85' lang='lat' dir='ltr'><strong>thoraces</strong></span> <span class='ocrx_word' id='word_1_104' title='bbox 774 1345 809 1386; x_wconf 85' lang='lat' dir='ltr'><strong>ex</strong></span> <span class='ocrx_word' id='word_1_105' title='bbox 834 1343 874 1386; x_wconf 87' lang='lat' dir='ltr'><strong>eo</strong></span> <span class='ocrx_word' id='word_1_106' title='bbox 897 1327 1013 1386; x_wconf 89' lang='lat' dir='ltr'><strong>faciant.</strong></span> <span class='ocrx_word' id='word_1_107' title='bbox 1062 1327 1192 1387; x_wconf 90' lang='lat' dir='ltr'><strong>colorem</strong></span> 
     </span>
     <span class='ocr_line' id='line_1_14' title="bbox 174 1414 1192 1498; baseline 0 -24"><span class='ocrx_word' id='word_1_108' title='bbox 174 1419 307 1498; x_wconf 88' lang='lat' dir='ltr'><strong>omniurn</strong></span> <span class='ocrx_word' id='word_1_109' title='bbox 345 1414 499 1496; x_wconf 91' lang='lat' dir='ltr'><strong>arborum,</strong></span> <span class='ocrx_word' id='word_1_110' title='bbox 536 1417 692 1494; x_wconf 84' lang='lat' dir='ltr'><strong>fruticum,</strong></span> <span class='ocrx_word' id='word_1_111' title='bbox 728 1414 837 1475; x_wconf 87' lang='lat' dir='ltr'><strong>florum</strong></span> <span class='ocrx_word' id='word_1_112' title='bbox 868 1415 1062 1493; x_wconf 89' lang='lat' dir='ltr'><strong>locorumque</strong></span> <span class='ocrx_word' id='word_1_113' title='bbox 1094 1415 1192 1475; x_wconf 82' lang='lat' dir='ltr'><strong>reddit</strong></span> 
     </span>
     <span class='ocr_line' id='line_1_15' title="bbox 174 1503 1191 1584; baseline 0.001 -21"><span class='ocrx_word' id='word_1_114' title='bbox 174 1511 311 1564; x_wconf 88' lang='lat' dir='ltr'><strong>metuens</strong></span> <span class='ocrx_word' id='word_1_115' title='bbox 340 1507 373 1563; x_wconf 93' lang='lat' dir='ltr'><strong>in</strong></span> <span class='ocrx_word' id='word_1_116' title='bbox 400 1503 509 1583; x_wconf 91' lang='lat' dir='ltr'><strong>quibus</strong></span> <span class='ocrx_word' id='word_1_117' title='bbox 537 1503 621 1583; x_wconf 90' lang='lat' dir='ltr'><strong>latet,</strong></span> <span class='ocrx_word' id='word_1_118' title='bbox 653 1503 779 1582; x_wconf 87' lang='lat' dir='ltr'><strong>ideoque</strong></span> <span class='ocrx_word' id='word_1_119' title='bbox 810 1522 877 1564; x_wconf 90' lang='lat' dir='ltr'><strong>raro</strong></span> <span class='ocrx_word' id='word_1_120' title='bbox 908 1506 1032 1584; x_wconf 91' lang='lat' dir='ltr'><strong>capitur.</strong></span> <span class='ocrx_word' id='word_1_121' title='bbox 1082 1505 1191 1564; x_wconf 88' lang='lat' dir='ltr'><strong>mirum</strong></span> 
     </span>
     <span class='ocr_line' id='line_1_16' title="bbox 175 1590 1234 1674; baseline 0.003 -24"><span class='ocrx_word' id='word_1_122' title='bbox 175 1599 254 1666; x_wconf 83' lang='lat' dir='ltr'><strong>esset</strong></span> <span class='ocrx_word' id='word_1_123' title='bbox 273 1590 407 1652; x_wconf 81' lang='lat' dir='ltr'><strong>habitum</strong></span> <span class='ocrx_word' id='word_1_124' title='bbox 431 1594 550 1671; x_wconf 90' lang='lat' dir='ltr'><strong>corpori</strong></span> <span class='ocrx_word' id='word_1_125' title='bbox 569 1600 629 1652; x_wconf 88' lang='lat' dir='ltr'><strong>tam</strong></span> <span class='ocrx_word' id='word_1_126' title='bbox 650 1591 844 1673; x_wconf 91' lang='lat' dir='ltr'><strong>multiplicem</strong></span> <span class='ocrx_word' id='word_1_127' title='bbox 862 1592 939 1674; x_wconf 93' lang='lat' dir='ltr'><strong>dari,</strong></span> <span class='ocrx_word' id='word_1_128' title='bbox 963 1592 1127 1654; x_wconf 91' lang='lat' dir='ltr'><strong>mirabilius</strong></span> <span class='ocrx_word' id='word_1_129' title='bbox 1145 1601 1192 1653; x_wconf 90' lang='lat' dir='ltr'><strong>est</strong></span> <span class='ocrx_word' id='word_1_130' title='bbox 1207 1607 1234 1646; x_wconf 87' lang='lat'><strong>15</strong></span> 
     </span>
     <span class='ocr_line' id='line_1_17' title="bbox 175 1679 304 1740; baseline 0.016 -2"><span class='ocrx_word' id='word_1_131' title='bbox 175 1686 205 1738; x_wconf 91' lang='lat' dir='ltr'><strong>et</strong></span> <span class='ocrx_word' id='word_1_132' title='bbox 228 1679 304 1740; x_wconf 51' lang='lat' dir='ltr'><strong>villo,</strong></span> 
     </span>
    </p>

    <p class='ocr_par' dir='ltr' id='par_1_6' title="bbox 123 1762 1235 2206">
     <span class='ocr_line' id='line_1_18' title="bbox 123 1762 1190 1854; baseline 0.007 -31"><span class='ocrx_word' id='word_1_133' title='bbox 123 1773 179 1824; x_wconf 80' lang='lat'>125·</span> <span class='ocrx_word' id='word_1_134' title='bbox 243 1762 302 1830; x_wconf 81' lang='lat'><strong>35.</strong></span> <span class='ocrx_word' id='word_1_135' title='bbox 323 1764 397 1854; x_wconf 77' lang='lat'>(53)</span> <span class='ocrx_word' id='word_1_136' title='bbox 430 1768 583 1848; x_wconf 81' lang='lat' dir='ltr'><strong>Hystrices</strong></span> <span class='ocrx_word' id='word_1_137' title='bbox 602 1778 725 1848; x_wconf 92' lang='lat' dir='ltr'><strong>generat</strong></span> <span class='ocrx_word' id='word_1_138' title='bbox 743 1769 825 1830; x_wconf 93' lang='lat' dir='ltr'><strong>lndia</strong></span> <span class='ocrx_word' id='word_1_139' title='bbox 849 1778 880 1830; x_wconf 93' lang='lat' dir='ltr'><strong>et</strong></span> <span class='ocrx_word' id='word_1_140' title='bbox 898 1770 995 1830; x_wconf 84' lang='lat' dir='ltr'><strong>Africa</strong></span> <span class='ocrx_word' id='word_1_141' title='bbox 1019 1772 1104 1849; x_wconf 92' lang='lat' dir='ltr'><strong>spina</strong></span> <span class='ocrx_word' id='word_1_142' title='bbox 1122 1789 1190 1831; x_wconf 88' lang='lat' dir='ltr'><strong>con-</strong></span> 
     </span>
     <span class='ocr_line' id='line_1_19' title="bbox 174 1858 1192 1939; baseline 0.002 -23"><span class='ocrx_word' id='word_1_143' title='bbox 174 1864 267 1916; x_wconf 84' lang='lat' dir='ltr'><strong>tectas</strong></span> <span class='ocrx_word' id='word_1_144' title='bbox 297 1866 331 1917; x_wconf 87' lang='lat' dir='ltr'><strong>ut</strong></span> <span class='ocrx_word' id='word_1_145' title='bbox 358 1861 390 1918; x_wconf 80' lang='lat' dir='ltr'><strong>in</strong></span> <span class='ocrx_word' id='word_1_146' title='bbox 418 1861 624 1920; x_wconf 88' lang='lat' dir='ltr'><strong>irenaceorum</strong></span> <span class='ocrx_word' id='word_1_147' title='bbox 652 1877 774 1939; x_wconf 85' lang='lat' dir='ltr'><strong>genere,</strong></span> <span class='ocrx_word' id='word_1_148' title='bbox 808 1858 860 1918; x_wconf 89' lang='lat' dir='ltr'><strong>sed</strong></span> <span class='ocrx_word' id='word_1_149' title='bbox 889 1859 1014 1938; x_wconf 82' lang='lat' dir='ltr'><strong>hystrici</strong></span> <span class='ocrx_word' id='word_1_150' title='bbox 1042 1859 1192 1938; x_wconf 83' lang='lat' dir='ltr'><strong>longiores</strong></span> 
     </span>
     <span class='ocr_line' id='line_1_20' title="bbox 174 1945 1191 2028; baseline 0.004 -25"><span class='ocrx_word' id='word_1_151' title='bbox 174 1945 269 2020; x_wconf 85' lang='lat' dir='ltr'><strong>aculei</strong></span> <span class='ocrx_word' id='word_1_152' title='bbox 293 1954 335 2028; x_wconf 90' lang='lat' dir='ltr'><strong>et,</strong></span> <span class='ocrx_word' id='word_1_153' title='bbox 363 1966 432 2007; x_wconf 89' lang='lat' dir='ltr'><strong>cum</strong></span> <span class='ocrx_word' id='word_1_154' title='bbox 454 1947 583 2008; x_wconf 88' lang='lat' dir='ltr'><strong>intendit</strong></span> <span class='ocrx_word' id='word_1_155' title='bbox 606 1955 719 2028; x_wconf 85' lang='lat' dir='ltr'><strong>cutem,</strong></span> <span class='ocrx_word' id='word_1_156' title='bbox 743 1947 878 2007; x_wconf 91' lang='lat' dir='ltr'><strong>missiles.</strong></span> <span class='ocrx_word' id='word_1_157' title='bbox 924 1966 976 2008; x_wconf 93' lang='lat' dir='ltr'><strong>ora</strong></span> <span class='ocrx_word' id='word_1_158' title='bbox 999 1950 1191 2026; x_wconf 89' lang='lat' dir='ltr'><strong>urguentium</strong></span> 
     </span>
     <span class='ocr_line' id='line_1_21' title="bbox 173 2035 1235 2115; baseline 0.005 -22"><span class='ocrx_word' id='word_1_159' title='bbox 173 2035 237 2112; x_wconf 87' lang='lat' dir='ltr'><strong>tigit</strong></span> <span class='ocrx_word' id='word_1_160' title='bbox 260 2053 367 2095; x_wconf 91' lang='lat' dir='ltr'><strong>canum</strong></span> <span class='ocrx_word' id='word_1_161' title='bbox 391 2045 421 2096; x_wconf 93' lang='lat' dir='ltr'><strong>et</strong></span> <span class='ocrx_word' id='word_1_162' title='bbox 443 2037 530 2115; x_wconf 91' lang='lat' dir='ltr'><strong>paulo</strong></span> <span class='ocrx_word' id='word_1_163' title='bbox 554 2037 672 2114; x_wconf 89' lang='lat' dir='ltr'><strong>longius</strong></span> <span class='ocrx_word' id='word_1_164' title='bbox 694 2035 848 2097; x_wconf 89' lang='lat' dir='ltr'><strong>iaculatur.</strong></span> <span class='ocrx_word' id='word_1_165' title='bbox 878 2035 1012 2097; x_wconf 88' lang='lat' dir='ltr'><strong>hibernis</strong></span> <span class='ocrx_word' id='word_1_166' title='bbox 1035 2045 1134 2098; x_wconf 88' lang='lat' dir='ltr'><strong>autem</strong></span> <span class='ocrx_word' id='word_1_167' title='bbox 1158 2056 1190 2098; x_wconf 90' lang='lat' dir='ltr'><strong>se</strong></span> <span class='ocrx_word' id='word_1_168' title='bbox 1205 2051 1235 2090; x_wconf 74' lang='lat'><strong>20</strong></span> 
     </span>
     <span class='ocr_line' id='line_1_22' title="bbox 174 2122 1190 2206; baseline 0.003 -24"><span class='ocrx_word' id='word_1_169' title='bbox 174 2122 327 2184; x_wconf 88' lang='lat' dir='ltr'><strong>mensibus</strong></span> <span class='ocrx_word' id='word_1_170' title='bbox 351 2125 464 2206; x_wconf 91' lang='lat' dir='ltr'><strong>condit,</strong></span> <span class='ocrx_word' id='word_1_171' title='bbox 489 2143 564 2205; x_wconf 88' lang='lat' dir='ltr'><strong>quae</strong></span> <span class='ocrx_word' id='word_1_172' title='bbox 588 2133 694 2186; x_wconf 89' lang='lat' dir='ltr'><strong>natura</strong></span> <span class='ocrx_word' id='word_1_173' title='bbox 716 2125 818 2185; x_wconf 91' lang='lat' dir='ltr'><strong>multis</strong></span> <span class='ocrx_word' id='word_1_174' title='bbox 842 2133 871 2185; x_wconf 88' lang='lat' dir='ltr'><strong>et</strong></span> <span class='ocrx_word' id='word_1_175' title='bbox 895 2133 963 2185; x_wconf 85' lang='lat' dir='ltr'><strong>ente</strong></span> <span class='ocrx_word' id='word_1_176' title='bbox 982 2128 1080 2185; x_wconf 88' lang='lat' dir='ltr'><strong>omnia</strong></span> <span class='ocrx_word' id='word_1_177' title='bbox 1103 2127 1190 2185; x_wconf 88' lang='lat' dir='ltr'><strong>ursis.</strong></span> 
     </span>
    </p>

    <p class='ocr_par' dir='ltr' id='par_1_7' title="bbox 121 2207 1241 2915">
     <span class='ocr_line' id='line_1_23' title="bbox 121 2207 1191 2296; baseline 0.008 -32"><span class='ocrx_word' id='word_1_178' title='bbox 121 2217 172 2266; x_wconf 77' lang='lat'><strong>126</strong></span> <span class='ocrx_word' id='word_1_179' title='bbox 241 2207 300 2274; x_wconf 79' lang='lat'><strong>36.</strong></span> <span class='ocrx_word' id='word_1_180' title='bbox 331 2207 405 2296; x_wconf 83' lang='lat'>(54)</span> <span class='ocrx_word' id='word_1_181' title='bbox 455 2213 568 2275; x_wconf 89' lang='lat' dir='ltr'><strong>Eorum</strong></span> <span class='ocrx_word' id='word_1_182' title='bbox 598 2217 695 2275; x_wconf 88' lang='lat' dir='ltr'><strong>coitus</strong></span> <span class='ocrx_word' id='word_1_183' title='bbox 724 2213 831 2274; x_wconf 89' lang='lat' dir='ltr'><strong>hiemis</strong></span> <span class='ocrx_word' id='word_1_184' title='bbox 858 2216 956 2295; x_wconf 92' lang='lat' dir='ltr'><strong>initio,</strong></span> <span class='ocrx_word' id='word_1_185' title='bbox 996 2233 1050 2274; x_wconf 87' lang='lat' dir='ltr'><strong>nec</strong></span> <span class='ocrx_word' id='word_1_186' title='bbox 1078 2213 1191 2294; x_wconf 90' lang='lat' dir='ltr'><strong>vulgari</strong></span> 
     </span>
     <span class='ocr_line' id='line_1_24' title="bbox 173 2301 1190 2383; baseline 0.002 -24"><span class='ocrx_word' id='word_1_187' title='bbox 173 2301 389 2381; x_wconf 87' lang='lat' dir='ltr'><strong>quadripedum</strong></span> <span class='ocrx_word' id='word_1_188' title='bbox 409 2321 502 2383; x_wconf 90' lang='lat' dir='ltr'><strong>more,</strong></span> <span class='ocrx_word' id='word_1_189' title='bbox 526 2303 577 2363; x_wconf 92' lang='lat' dir='ltr'><strong>sed</strong></span> <span class='ocrx_word' id='word_1_190' title='bbox 597 2302 740 2363; x_wconf 89' lang='lat' dir='ltr'><strong>ambobus</strong></span> <span class='ocrx_word' id='word_1_191' title='bbox 762 2302 940 2364; x_wconf 89' lang='lat' dir='ltr'><strong>cubantibus</strong></span> <span class='ocrx_word' id='word_1_192' title='bbox 962 2302 1190 2382; x_wconf 75' lang='lat' dir='ltr'><strong>complexuque.</strong></span> 
     </span>
     <span class='ocr_line' id='line_1_25' title="bbox 173 2388 1191 2472; baseline 0.003 -25"><span class='ocrx_word' id='word_1_193' title='bbox 173 2388 242 2449; x_wconf 88' lang='lat' dir='ltr'><strong>dein</strong></span> <span class='ocrx_word' id='word_1_194' title='bbox 266 2409 403 2452; x_wconf 90' lang='lat' dir='ltr'><strong>secessus</strong></span> <span class='ocrx_word' id='word_1_195' title='bbox 426 2394 457 2450; x_wconf 89' lang='lat' dir='ltr'><strong>iu</strong></span> <span class='ocrx_word' id='word_1_196' title='bbox 481 2411 589 2470; x_wconf 89' lang='lat' dir='ltr'><strong>specus</strong></span> <span class='ocrx_word' id='word_1_197' title='bbox 608 2394 775 2472; x_wconf 89' lang='lat' dir='ltr'><strong>separatim,</strong></span> <span class='ocrx_word' id='word_1_198' title='bbox 799 2393 830 2450; x_wconf 94' lang='lat' dir='ltr'><strong>in</strong></span> <span class='ocrx_word' id='word_1_199' title='bbox 850 2391 958 2471; x_wconf 92' lang='lat' dir='ltr'><strong>quibus</strong></span> <span class='ocrx_word' id='word_1_200' title='bbox 977 2393 1098 2470; x_wconf 89' lang='lat' dir='ltr'><strong>pariunt</strong></span> <span class='ocrx_word' id='word_1_201' title='bbox 1116 2406 1191 2452; x_wconf 83' lang='lat' dir='ltr'><strong>xxx</strong></span> 
     </span>
     <span class='ocr_line' id='line_1_26' title="bbox 173 2475 1241 2560; baseline 0.008 -25"><span class='ocrx_word' id='word_1_202' title='bbox 173 2475 220 2536; x_wconf 90' lang='lat' dir='ltr'><strong>die</strong></span> <span class='ocrx_word' id='word_1_203' title='bbox 244 2477 405 2554; x_wconf 91' lang='lat' dir='ltr'><strong>plurimum</strong></span> <span class='ocrx_word' id='word_1_204' title='bbox 430 2483 545 2558; x_wconf 89' lang='lat' dir='ltr'><strong>quinos.</strong></span> <span class='ocrx_word' id='word_1_205' title='bbox 593 2480 624 2540; x_wconf 95' lang='lat' dir='ltr'><strong>hi</strong></span> <span class='ocrx_word' id='word_1_206' title='bbox 648 2488 718 2541; x_wconf 91' lang='lat' dir='ltr'><strong>sunt</strong></span> <span class='ocrx_word' id='word_1_207' title='bbox 742 2479 868 2540; x_wconf 91' lang='lat' dir='ltr'><strong>candida</strong></span> <span class='ocrx_word' id='word_1_208' title='bbox 893 2481 1088 2558; x_wconf 79' lang='lat' dir='ltr'><strong>informisque</strong></span> <span class='ocrx_word' id='word_1_209' title='bbox 1112 2498 1190 2560; x_wconf 85' lang='lat' dir='ltr'><strong>caro,</strong></span> <span class='ocrx_word' id='word_1_210' title='bbox 1205 2493 1241 2544; x_wconf 77' lang='lat'><strong>²5.</strong></span> 
     </span>
     <span class='ocr_line' id='line_1_27' title="bbox 172 2564 1189 2650; baseline 0.005 -27"><span class='ocrx_word' id='word_1_211' title='bbox 172 2564 260 2642; x_wconf 94' lang='lat' dir='ltr'><strong>paulo</strong></span> <span class='ocrx_word' id='word_1_212' title='bbox 284 2567 420 2628; x_wconf 92' lang='lat' dir='ltr'><strong>muribus</strong></span> <span class='ocrx_word' id='word_1_213' title='bbox 443 2571 550 2649; x_wconf 80' lang='lat' dir='ltr'><strong>maior,</strong></span> <span class='ocrx_word' id='word_1_214' title='bbox 579 2572 642 2628; x_wconf 91' lang='lat' dir='ltr'><strong>sine</strong></span> <span class='ocrx_word' id='word_1_215' title='bbox 667 2569 774 2649; x_wconf 90' lang='lat' dir='ltr'><strong>oculis,</strong></span> <span class='ocrx_word' id='word_1_216' title='bbox 803 2569 1189 2650; x_wconf 51' lang='grc' dir='ltr'><strong>011100110110011001011ρ</strong></span> 
     </span>
     <span class='ocr_line' id='line_1_28' title="bbox 173 2656 1190 2736; baseline 0.004 -24"><span class='ocrx_word' id='word_1_217' title='bbox 173 2661 237 2712; x_wconf 87' lang='lat' dir='ltr'><strong>tum</strong></span> <span class='ocrx_word' id='word_1_218' title='bbox 267 2659 445 2732; x_wconf 84' lang='lat' dir='ltr'><strong>prominent.</strong></span> <span class='ocrx_word' id='word_1_219' title='bbox 491 2656 567 2717; x_wconf 91' lang='lat' dir='ltr'><strong>hanc</strong></span> <span class='ocrx_word' id='word_1_220' title='bbox 597 2657 753 2718; x_wconf 92' lang='lat' dir='ltr'><strong>lambendo</strong></span> <span class='ocrx_word' id='word_1_221' title='bbox 784 2657 925 2736; x_wconf 92' lang='lat' dir='ltr'><strong>paulatim</strong></span> <span class='ocrx_word' id='word_1_222' title='bbox 952 2659 1088 2736; x_wconf 86' lang='lat' dir='ltr'><strong>figurant.</strong></span> <span class='ocrx_word' id='word_1_223' title='bbox 1134 2676 1190 2717; x_wconf 88' lang='lat' dir='ltr'><strong>nee</strong></span> 
     </span>
     <span class='ocr_line' id='line_1_29' title="bbox 173 2744 1189 2825; baseline 0.004 -25"><span class='ocrx_word' id='word_1_224' title='bbox 173 2744 332 2820; x_wconf 89' lang='lat' dir='ltr'><strong>quicquam</strong></span> <span class='ocrx_word' id='word_1_225' title='bbox 369 2747 466 2804; x_wconf 91' lang='lat' dir='ltr'><strong>rarius</strong></span> <span class='ocrx_word' id='word_1_226' title='bbox 504 2764 592 2824; x_wconf 89' lang='lat' dir='ltr'><strong>quam</strong></span> <span class='ocrx_word' id='word_1_227' title='bbox 626 2749 792 2825; x_wconf 90' lang='lat' dir='ltr'><strong>parientem</strong></span> <span class='ocrx_word' id='word_1_228' title='bbox 828 2746 928 2806; x_wconf 90' lang='lat' dir='ltr'><strong>videre</strong></span> <span class='ocrx_word' id='word_1_229' title='bbox 960 2764 1070 2806; x_wconf 87' lang='lat' dir='ltr'><strong>ursam.</strong></span> <span class='ocrx_word' id='word_1_230' title='bbox 1121 2745 1189 2806; x_wconf 91' lang='lat' dir='ltr'><strong>ideo</strong></span> 
     </span>
     <span class='ocr_line' id='line_1_30' title="bbox 172 2832 1188 2915; baseline 0.005 -26"><span class='ocrx_word' id='word_1_231' title='bbox 172 2848 269 2890; x_wconf 90' lang='lat' dir='ltr'><strong>mares</strong></span> <span class='ocrx_word' id='word_1_232' title='bbox 294 2832 491 2912; x_wconf 87' lang='lat' dir='ltr'><strong>quadragenis</strong></span> <span class='ocrx_word' id='word_1_233' title='bbox 515 2835 619 2896; x_wconf 90' lang='lat' dir='ltr'><strong>diebus</strong></span> <span class='ocrx_word' id='word_1_234' title='bbox 643 2835 747 2915; x_wconf 91' lang='lat' dir='ltr'><strong>latent,</strong></span> <span class='ocrx_word' id='word_1_235' title='bbox 777 2835 903 2897; x_wconf 78' lang='lat' dir='ltr'><strong>sentinae</strong></span> <span class='ocrx_word' id='word_1_236' title='bbox 927 2837 1080 2914; x_wconf 90' lang='lat' dir='ltr'><strong>quaternis</strong></span> <span class='ocrx_word' id='word_1_237' title='bbox 1107 2853 1188 2895; x_wconf 89' lang='lat' dir='ltr'><strong>men-</strong></span> 
     </span>
    </p>

    <p class='ocr_par' dir='ltr' id='par_1_8' title="bbox 121 2918 1234 3091">
     <span class='ocr_line' id='line_1_31' title="bbox 121 2918 1234 3003; baseline 0.005 -26"><span class='ocrx_word' id='word_1_238' title='bbox 121 2926 171 2975; x_wconf 78' lang='lat'><strong>127</strong></span> <span class='ocrx_word' id='word_1_239' title='bbox 183 2918 274 2980; x_wconf 90' lang='lat' dir='ltr'><strong>sibus.</strong></span> <span class='ocrx_word' id='word_1_240' title='bbox 307 2940 415 3001; x_wconf 88' lang='lat' dir='ltr'><strong>specus</strong></span> <span class='ocrx_word' id='word_1_241' title='bbox 434 2924 459 2981; x_wconf 90' lang='lat' dir='ltr'><strong>si</strong></span> <span class='ocrx_word' id='word_1_242' title='bbox 478 2941 538 2983; x_wconf 94' lang='lat' dir='ltr'><strong>non</strong></span> <span class='ocrx_word' id='word_1_243' title='bbox 556 2922 701 3003; x_wconf 87' lang='lat' dir='ltr'><strong>habuere,</strong></span> <span class='ocrx_word' id='word_1_244' title='bbox 724 2941 875 2984; x_wconf 88' lang='lat' dir='ltr'><strong>ramorum</strong></span> <span class='ocrx_word' id='word_1_245' title='bbox 894 2925 1096 3002; x_wconf 85' lang='lat' dir='ltr'><strong>fruticumque</strong></span> <span class='ocrx_word' id='word_1_246' title='bbox 1120 2941 1188 2984; x_wconf 92' lang='lat' dir='ltr'><strong>con-</strong></span> <span class='ocrx_word' id='word_1_247' title='bbox 1204 2934 1234 2974; x_wconf 73' lang='lat'><strong>³0</strong></span> 
     </span>
     <span class='ocr_line' id='line_1_32' title="bbox 172 3010 1189 3091; baseline 0.004 -23"><span class='ocrx_word' id='word_1_248' title='bbox 172 3010 254 3088; x_wconf 88' lang='lat' dir='ltr'><strong>gerie</strong></span> <span class='ocrx_word' id='word_1_249' title='bbox 287 3011 442 3071; x_wconf 85' lang='lat' dir='ltr'><strong>aedificant</strong></span> <span class='ocrx_word' id='word_1_250' title='bbox 475 3011 705 3091; x_wconf 87' lang='lat' dir='ltr'><strong>inpenetrabiles</strong></span> <span class='ocrx_word' id='word_1_251' title='bbox 736 3011 881 3073; x_wconf 90' lang='lat' dir='ltr'><strong>imbribus</strong></span> <span class='ocrx_word' id='word_1_252' title='bbox 913 3011 1053 3090; x_wconf 91' lang='lat' dir='ltr'><strong>mollique</strong></span> <span class='ocrx_word' id='word_1_253' title='bbox 1083 3011 1189 3072; x_wconf 86' lang='lat' dir='ltr'><strong>fronde</strong></span> 
     </span>
    </p>
   </div>
   <div class='ocr_carea' id='block_1_3' title="bbox 175 3167 388 3176">
    <p class='ocr_par' dir='ltr' id='par_1_9' title="bbox 175 3167 388 3176">
     <span class='ocr_line' id='line_1_33' title="bbox 175 3167 388 3176; baseline 0 0"><span class='ocrx_word' id='word_1_254' title='bbox 175 3167 388 3176; x_wconf 67' lang='lat'><em>-—-..-.-.--</em></span> 
     </span>
    </p>
   </div>
   <div class='ocr_carea' id='block_1_4' title="bbox 171 3252 1190 3748">
    <p class='ocr_par' dir='ltr' id='par_1_10' title="bbox 171 3252 1190 3748">
     <span class='ocr_line' id='line_1_34' title="bbox 244 3252 1188 3321; baseline -0.001 -15"><span class='ocrx_word' id='word_1_255' title='bbox 244 3260 260 3306; x_wconf 77' lang='lat'>2</span> <span class='ocrx_word' id='word_1_256' title='bbox 279 3252 402 3306; x_wconf 80' lang='lat' dir='ltr'><strong>lacertae</strong></span> <span class='ocrx_word' id='word_1_257' title='bbox 421 3258 473 3307; x_wconf 79' lang='lat' dir='ltr'><strong>Rd.</strong></span> <span class='ocrx_word' id='word_1_258' title='bbox 503 3255 545 3307; x_wconf 89' lang='lat' dir='ltr'><strong>-ta</strong></span> <span class='ocrx_word' id='word_1_259' title='bbox 563 3271 585 3307; x_wconf 85' lang='lat' dir='ltr'><strong>r.</strong></span> <span class='ocrx_word' id='word_1_260' title='bbox 605 3255 758 3321; x_wconf 78' lang='lat' dir='ltr'><strong>csr.Are&#39;et.</strong></span> <span class='ocrx_word' id='word_1_261' title='bbox 774 3255 791 3307; x_wconf 86' lang='lat' dir='ltr'><strong>l.</strong></span> <span class='ocrx_word' id='word_1_262' title='bbox 807 3255 862 3308; x_wconf 81' lang='grc'><strong>10.</strong></span> <span class='ocrx_word' id='word_1_263' title='bbox 877 3259 926 3310; x_wconf 73' lang='lat'><strong>28.</strong></span> <span class='ocrx_word' id='word_1_264' title='bbox 998 3260 1014 3306; x_wconf 87' lang='lat'><strong>3</strong></span> <span class='ocrx_word' id='word_1_265' title='bbox 1034 3252 1188 3308; x_wconf 62' lang='grc'><strong>0111111011.</strong></span> 
     </span>
     <span class='ocr_line' id='line_1_35' title="bbox 173 3324 1135 3397; baseline 0.004 -23"><span class='ocrx_word' id='word_1_266' title='bbox 173 3335 223 3374; x_wconf 75' lang='lat' dir='ltr'><strong>otu.</strong></span> <span class='ocrx_word' id='word_1_267' title='bbox 242 3339 265 3375; x_wconf 83' lang='lat' dir='ltr'><strong>r.</strong></span> <span class='ocrx_word' id='word_1_268' title='bbox 328 3324 667 3397; x_wconf 72' lang='grc' dir='ltr'><strong>Ι111110001101111111011.</strong></span> <span class='ocrx_word' id='word_1_269' title='bbox 695 3325 759 3379; x_wconf 91' lang='lat' dir='ltr'><strong>ideo</strong></span> <span class='ocrx_word' id='word_1_270' title='bbox 777 3330 830 3380; x_wconf 70' lang='lat' dir='ltr'><strong>na.</strong></span> <span class='ocrx_word' id='word_1_271' title='bbox 901 3329 932 3379; x_wconf 82' lang='grc'><strong>16</strong></span> <span class='ocrx_word' id='word_1_272' title='bbox 953 3326 1135 3378; x_wconf 72' lang='grc'><strong>0010011111.</strong></span> 
     </span>
     <span class='ocr_line' id='line_1_36' title="bbox 175 3391 1189 3464; baseline 0.002 -19"><span class='ocrx_word' id='word_1_273' title='bbox 175 3398 206 3445; x_wconf 84' lang='grc'><strong>17</strong></span> <span class='ocrx_word' id='word_1_274' title='bbox 227 3391 325 3461; x_wconf 86' lang='lat' dir='ltr'><strong>spinea</strong></span> <span class='ocrx_word' id='word_1_275' title='bbox 343 3400 420 3448; x_wconf 76' lang='lat' dir='ltr'><strong>Dra.</strong></span> <span class='ocrx_word' id='word_1_276' title='bbox 444 3397 448 3462; x_wconf 91' lang='grc' dir='ltr'>Ι</span> <span class='ocrx_word' id='word_1_277' title='bbox 472 3397 614 3450; x_wconf 77' lang='lat' dir='ltr'><strong>coniectes</strong></span> <span class='ocrx_word' id='word_1_278' title='bbox 632 3413 657 3450; x_wconf 86' lang='lat' dir='ltr'><strong>o.</strong></span> <span class='ocrx_word' id='word_1_279' title='bbox 683 3399 725 3449; x_wconf 81' lang='lat' dir='ltr'><strong>-ta</strong></span> <span class='ocrx_word' id='word_1_280' title='bbox 744 3397 771 3450; x_wconf 85' lang='lat' dir='ltr'><strong>ll.</strong></span> <span class='ocrx_word' id='word_1_281' title='bbox 845 3401 878 3449; x_wconf 88' lang='lat'><strong>18</strong></span> <span class='ocrx_word' id='word_1_282' title='bbox 897 3398 931 3450; x_wconf 83' lang='lat' dir='ltr'><strong>ut</strong></span> <span class='ocrx_word' id='word_1_283' title='bbox 947 3396 977 3448; x_wconf 90' lang='lat' dir='ltr'><strong>iu</strong></span> <span class='ocrx_word' id='word_1_284' title='bbox 995 3411 1049 3464; x_wconf 81' lang='lat' dir='ltr'><strong>epo.</strong></span> <span class='ocrx_word' id='word_1_285' title='bbox 1079 3395 1189 3450; x_wconf 81' lang='grc'><strong>110110.</strong></span> 
     </span>
     <span class='ocr_line' id='line_1_37' title="bbox 174 3465 1189 3522; baseline 0.009 -10"><span class='ocrx_word' id='word_1_286' title='bbox 174 3477 206 3513; x_wconf 84' lang='grc'><strong>00</strong></span> <span class='ocrx_word' id='word_1_287' title='bbox 226 3480 245 3513; x_wconf 89' lang='lat' dir='ltr'><strong>u</strong></span> <span class='ocrx_word' id='word_1_288' title='bbox 262 3479 285 3515; x_wconf 79' lang='lat' dir='ltr'><strong>r.</strong></span> <span class='ocrx_word' id='word_1_289' title='bbox 377 3471 408 3518; x_wconf 86' lang='grc'><strong>19</strong></span> <span class='ocrx_word' id='word_1_290' title='bbox 427 3465 533 3518; x_wconf 87' lang='lat' dir='ltr'><strong>missile</strong></span> <span class='ocrx_word' id='word_1_291' title='bbox 552 3482 602 3519; x_wconf 87' lang='lat' dir='ltr'><strong>ora</strong></span> <span class='ocrx_word' id='word_1_292' title='bbox 620 3467 656 3522; x_wconf 67' lang='grc'><strong>01.</strong></span> <span class='ocrx_word' id='word_1_293' title='bbox 686 3467 900 3521; x_wconf 63' lang='grc'><strong>1111001031.</strong></span> <span class='ocrx_word' id='word_1_294' title='bbox 929 3466 1031 3520; x_wconf 85' lang='grc' dir='ltr'><strong>11110001ΙΙ</strong></span> <span class='ocrx_word' id='word_1_295' title='bbox 1052 3466 1189 3521; x_wconf 76' lang='grc'><strong>10011101.</strong></span> 
     </span>
     <span class='ocr_line' id='line_1_38' title="bbox 175 3533 1189 3609; baseline 0.004 -25"><span class='ocrx_word' id='word_1_296' title='bbox 175 3597 180 3609; x_wconf 36' lang='lat'><strong>¹</strong></span> <span class='ocrx_word' id='word_1_297' title='bbox 245 3537 279 3584; x_wconf 80' lang='lat'><strong>23</strong></span> <span class='ocrx_word' id='word_1_298' title='bbox 299 3533 434 3587; x_wconf 84' lang='lat' dir='ltr'><strong>ambobus</strong></span> <span class='ocrx_word' id='word_1_299' title='bbox 453 3534 522 3589; x_wconf 78' lang='lat' dir='ltr'><strong>eoo.</strong></span> <span class='ocrx_word' id='word_1_300' title='bbox 551 3536 633 3590; x_wconf 83' lang='lat' dir='ltr'><strong>ambo</strong></span> <span class='ocrx_word' id='word_1_301' title='bbox 652 3555 675 3591; x_wconf 81' lang='lat' dir='ltr'><strong>r.</strong></span> <span class='ocrx_word' id='word_1_302' title='bbox 749 3543 783 3591; x_wconf 80' lang='lat'><strong>24</strong></span> <span class='ocrx_word' id='word_1_303' title='bbox 803 3554 926 3592; x_wconf 88' lang='lat' dir='ltr'><strong>secessus</strong></span> <span class='ocrx_word' id='word_1_304' title='bbox 944 3535 1045 3590; x_wconf 62' lang='grc'><strong>1111111.</strong></span> <span class='ocrx_word' id='word_1_305' title='bbox 1073 3553 1132 3591; x_wconf 84' lang='grc'><strong>100-</strong></span> <span class='ocrx_word' id='word_1_306' title='bbox 1151 3537 1189 3588; x_wconf 66' lang='lat'><strong>2².</strong></span> 
     </span>
     <span class='ocr_line' id='line_1_39' title="bbox 171 3601 1190 3679; baseline 0.008 -27"><span class='ocrx_word' id='word_1_307' title='bbox 171 3616 229 3652; x_wconf 87' lang='lat' dir='ltr'><strong>me·</strong></span> <span class='ocrx_word' id='word_1_308' title='bbox 249 3601 286 3654; x_wconf 65' lang='lat'><strong>(1¹.</strong></span> <span class='ocrx_word' id='word_1_309' title='bbox 317 3619 409 3656; x_wconf 85' lang='lat' dir='ltr'><strong>cessus</strong></span> <span class='ocrx_word' id='word_1_310' title='bbox 427 3622 451 3658; x_wconf 78' lang='lat' dir='ltr'><strong>r.</strong></span> <span class='ocrx_word' id='word_1_311' title='bbox 531 3607 733 3663; x_wconf 71' lang='grc'><strong>1111100111.</strong></span> <span class='ocrx_word' id='word_1_312' title='bbox 784 3614 839 3672; x_wconf 50' lang='grc'><strong>,31</strong></span> <span class='ocrx_word' id='word_1_313' title='bbox 859 3607 1087 3679; x_wconf 77' lang='lat' dir='ltr'><strong>impenetrabiles</strong></span> <span class='ocrx_word' id='word_1_314' title='bbox 1106 3607 1140 3660; x_wconf 66' lang='grc' dir='ltr'><strong>τ’</strong></span> <span class='ocrx_word' id='word_1_315' title='bbox 1157 3609 1190 3660; x_wconf 82' lang='lat' dir='ltr'><strong>in</strong></span> 
     </span>
     <span class='ocr_line' id='line_1_40' title="bbox 171 3671 1161 3748; baseline 0.011 -28"><span class='ocrx_word' id='word_1_316' title='bbox 171 3685 227 3724; x_wconf 84' lang='lat' dir='ltr'><strong>rue.</strong></span> <span class='ocrx_word' id='word_1_317' title='bbox 247 3671 352 3726; x_wconf 65' lang='lat' dir='ltr'><strong>a&#39;Rob.</strong></span> <span class='ocrx_word' id='word_1_318' title='bbox 376 3674 567 3742; x_wconf 83' lang='lat' dir='ltr'><strong>penetralibus</strong></span> <span class='ocrx_word' id='word_1_319' title='bbox 585 3677 622 3729; x_wconf 67' lang='lat'><strong>2¹.</strong></span> <span class='ocrx_word' id='word_1_320' title='bbox 647 3678 779 3732; x_wconf 81' lang='lat' dir='ltr'><strong>-ebilibus</strong></span> <span class='ocrx_word' id='word_1_321' title='bbox 798 3686 828 3732; x_wconf 82' lang='grc'><strong>11.</strong></span> <span class='ocrx_word' id='word_1_322' title='bbox 851 3678 1090 3748; x_wconf 83' lang='lat' dir='ltr'><strong>poenetrcbilibus</strong></span> <span class='ocrx_word' id='word_1_323' title='bbox 1107 3683 1161 3731; x_wconf 82' lang='lat' dir='ltr'><strong>tta.</strong></span> 
     </span>
    </p>
   </div>
   <div class='ocr_carea' id='block_1_5' title="bbox 0 0 1314 3942">
    <p class='ocr_par' dir='ltr' id='par_1_11' title="bbox 0 0 1314 3942">
     <span class='ocr_line' id='line_1_41' title="bbox 0 0 1314 3942; baseline 0 0"><span class='ocrx_word' id='word_1_324' title='bbox 0 0 1314 3942; x_wconf 95' lang='lat' dir='ltr'><strong> </strong></span> 
     </span>
    </p>
   </div>
  </div>
 </body>
</html>
