2594 3960
327 129 412 184 nnn.
431 129 524 184 nisu.
543 130 570 186 x
589 135 839 202 eo-ca‘uo-ec)
1030 137 1093 201 199

52 297 108 337 ora
141 279 247 338 unius
274 276 383 338 coloris
412 286 442 339 et
469 273 567 342 mollia
595 288 629 341 ut
661 282 768 359 pisces
813 285 902 344 tertia
934 284 982 346 die
1014 287 1091 347 intra

52 375 186 428 uterum
209 367 328 428 catulos
347 367 491 448 excludit,
509 367 579 430 dein
593 369 717 448 singulis
732 367 837 432 diebus
856 373 988 452 singulos
1006 377 1093 455 parit,

51 471 105 516 xx
128 455 203 517 iere
234 475 369 520 numero.
414 459 515 536 itaque
539 460 633 520 ceteri
656 458 803 520 tarditatis
826 463 1005 540 inpatientes
1023 480 1091 542 per·
1135 459 1137 465 ’

51 554 216 624 rumpunt
246 545 339 607 latera
371 547 470 607 occisa
500 555 632 626 parente.
683 555 800 608 ceterae
833 557 989 630 serpentes
1021 569 1091 612 oon-

26 642 138 694 ttexta
170 653 234 696 ova
261 637 397 696 interra
421 634 564 697 incubant
591 643 621 696 et
645 636 737 698 letum
762 646 906 716 sequente
930 639 1093 702 excludunt

51 741 144 784 anno.
189 723 341 786 crocodili
358 723 473 808 vicibus
495 723 651 805 incubant,
674 743 736 786 mas
760 732 791 785 et
814 726 931 787 femina.
969 729 1021 792 sed
1045 748 1090 790 re·

50 811 222 890 liquorum
246 831 366 892 quoque
389 816 580 874 terrestrium
602 813 744 874 reddatur
767 817 928 892 generatio.
1050 857 1053 860 -

122 895 193 963 63.
223 895 299 984 (83)
322 901 468 980 Bipedum
487 901 568 963 solus
586 901 674 963 homo
698 901 805 962 animal
828 905 931 982 gignit.
965 903 1079 968 bomini
1092 914 1140 963 171

51 997 181 1051 tantum
208 992 302 1070 primi
329 991 426 1052 coitus
453 993 648 1072 paenitentia,
677 993 839 1082 augurium
867 991 982 1053 scilicet
1013 996 1089 1054 vitae

18 1090 68 1138 1⁰a
97 1079 293 1159 paenitenda
321 1081 445 1159 origine.
491 1082 600 1140 ceteris
629 1078 804 1142 animalibus
835 1083 903 1142 stati
931 1100 987 1160 per
1016 1090 1089 1144 tem-

52 1186 129 1246 pora
145 1171 226 1230 anni
245 1167 432 1250 concubitus,
449 1167 571 1250 homini,
590 1175 625 1229 ut
638 1169 751 1252 dietum
769 1177 825 1250 est,
844 1169 982 1231 omnibus
996 1171 1143 1233 hortsues

54 1257 183 1318 dierum
205 1259 409 1336 noctiumque.
451 1259 561 1319 ceteris
580 1259 668 1318 satias
687 1260 718 1318 in
737 1259 827 1339 coitu,
850 1258 963 1319 homini
985 1269 1141 1339 propettn

55 1345 150 1406 trulla.
210 1345 370 1406 Messalina
397 1345 500 1407 Claudi
528 1345 662 1407 Caesaris
694 1349 826 1408 coniunx
853 1347 983 1426 regalem
1012 1347 1088 1418 hanc

23 1453 27 1468 ·
58 1436 243 1496 existimans
266 1434 392 1515 palmam
415 1435 505 1513 elegit
531 1437 563 1495 in
592 1436 622 1495 id
646 1443 797 1498 certarnen
827 1435 1041 1498 nobilissimam
1071 1457 1088 1498 e

23 1531 45 1572 1⁵
57 1525 240 1600 prostitutis
268 1523 404 1586 ancillam
431 1525 632 1586 mercenariae
661 1526 746 1604 stipis
780 1541 904 1604 eamque
932 1534 1021 1587 noete
1053 1545 1087 1588 ao

61 1611 107 1672 die
136 1614 297 1692 superavit
324 1616 429 1692 quinto
453 1620 541 1692 atque
569 1615 730 1674 vicensimo
759 1612 929 1684 concubitu.
975 1617 1005 1676 in
1035 1614 1087 1675 ho·

61 1703 177 1762 minum
218 1718 329 1780 genere
366 1700 499 1763 maribus
535 1701 716 1762 deverticula
756 1705 875 1762 veneris
913 1706 1087 1784 excogitata,

66 1791 161 1850 omnia
182 1789 299 1850 scelere
323 1797 456 1870 naturae,
478 1790 597 1850 leminis
621 1807 691 1850 vero
711 1789 842 1851 abortus.
888 1802 1033 1869 quantum
1055 1795 1086 1853 in

65 1875 117 1936 hac
139 1887 229 1958 parte
253 1877 348 1939 multo
367 1880 556 1940 nocentiores
575 1896 664 1957 qtram
683 1878 764 1939 lerae
784 1877 900 1940 sumus!
929 1883 1009 1941 viros
1028 1884 1086 1942 avi-

28 1975 51 2014 20
64 1964 163 2028 diores
187 1969 308 2028 veneris
330 1967 442 2049 bieme,
466 1968 590 2028 feminas
614 1974 725 2028 aestate
748 1966 928 2028 Hesiodus
946 1970 1085 2048 prodidit.

129 2054 237 2117 Coitus
261 2057 372 2116 aversis
396 2055 574 2137 elephantis,
602 2055 735 2137 camelis,
763 2047 903 2137 tigribus,
930 2056 1138 2139 lyncibus,173

64 2142 262 2225 rhinoceroti,
285 2144 384 2224 leoni,
397 2143 547 2225 dasypodi,
571 2143 726 2226 cuniculis,
749 2143 858 2223 quibus
878 2163 980 2206 aversa
1003 2148 1084 2225 geni-

65 2231 140 2294 talia.
188 2233 294 2294 cameli
322 2236 412 2296 etiam
436 2233 611 2296 solitudines
635 2242 686 2295 aut
715 2241 831 2296 secreta
858 2241 940 2294 certe
969 2242 1084 2316 petunt,
1130 2293 1133 2302 ,

64 2337 161 2400 neque
185 2324 369 2383 intervenire
389 2323 475 2385 datur
498 2324 563 2384 sine
581 2324 723 2402 pernicie.
770 2324 866 2383 coitus
889 2329 951 2384 tota
974 2323 1031 2404 die,
1055 2331 1085 2384 et

32 2407 109 2470 relus
133 2419 252 2475 tantum
275 2429 312 2470 ex
336 2411 474 2472 omnibus
498 2410 607 2490 quibus
630 2410 723 2472 solida
745 2410 864 2490 ungula.
910 2413 948 2492 iu
965 2412 1083 2491 quadri-

65 2499 175 2576 pedum
208 2517 317 2578 genere
350 2517 448 2561 mares
475 2498 606 2562 ‘ollactus
642 2498 785 2561 accendit.
841 2508 1017 2563 avertuntur
1054 2509 1084 2562 et

68 2604 167 2670 canes,
202 2588 328 2670 phocae,
359 2588 423 2668 lupi
450 2591 481 2648 in
509 2588 607 2650 medio
635 2590 717 2649 coitu
744 2590 888 2667 invitique
917 2592 1007 2652 etiam
1035 2609 1083 2650 co·

67 2673 198 2738 haerent.
226 2695 317 2756 supra
331 2677 480 2740 dictorum
492 2677 669 2757 plerumque
688 2677 815 2738 semime
834 2679 951 2756 priores
971 2687 1137 2758 super-174

67 2768 236 2846 veniuntur,
259 2768 290 2826 in
310 2767 433 2846 reliquis
452 2784 558 2826 mares.
596 2768 659 2826 ursi
683 2773 791 2846 autem,
814 2774 848 2826 ut
871 2766 984 2828 dictum
1008 2775 1137 2848 esistunt

36 2850 238 2916 inhumanitus
258 2858 352 2937 strati,
375 2857 505 2916 irenacei
524 2861 638 2916 stantes
660 2853 746 2915 ambo
769 2856 849 2916 inter
872 2873 904 2916 se
929 2855 1083 2937 complexi,

71 2939 137 3004 leles
170 2961 252 3010 mare
286 2952 399 3025 stante,
431 2945 542 3004 senuna.
572 2941 760 3024 subiacente,
792 2943 895 3023 vulpes
927 2946 958 3003 in
991 2943 1082 3006 latera

72 3034 214 3105 proiectae
238 3050 410 3112 maremque
433 3033 542 3093 semina
561 3030 701 3112 amplexa.
737 3039 893 3094 taurorum
911 3050 1081 3093 cervorum·

136 3263 169 3313 te
188 3256 527 3312 honcmectctautetiat.
555 3256 691 3310 hocDol.
719 3273 769 3312 om.
788 3256 900 3314 rHard.
970 3263 1003 3312 17
1023 3275 1081 3311 ma-

70 3326 140 3384 ribus
157 3328 222 3384 D‘o.
242 3329 336 3384 -uibue
353 3345 376 3382 r.
450 3331 483 3380 18
503 3326 625 3381 scelerae
643 3327 711 3382 ³¹1.
738 3343 781 3382 ra
798 3332 830 3382 tt.
853 3385 854 3390 .
903 3333 939 3383 24
956 3330 1018 3382 tola
1036 3328 1082 3382 die

72 3396 326 3455 mutatasve.
355 3400 415 3453 tote
433 3416 456 3453 r.
530 3403 565 3452 26
583 3398 713 3452 accendit
730 3403 755 3452 d.
788 3399 900 3454 auloed-
919 3404 970 3452 rc.
1004 3401 1081 3453 ante-

73 3469 128 3522 ced-
147 3488 169 3526 r.
243 3476 276 3526 27
295 3470 388 3526 medio
408 3485 455 3539 epo
473 3485 487 3522 e
505 3466 628 3524 strom
641 3473 665 3523 et
678 3469 800 3524 intueat
817 3470 995 3524 canonibus.
1024 3487 1080 3524 me-

72 3537 166 3610 dioque
185 3542 243 3596 lto.
333 3545 376 3596 28.
392 3547 426 3596 29
446 3538 647 3608 superueniunt
664 3543 715 3593 rt.
810 3546 843 3596 32
868 3539 999 3610 amplexa
1016 3539 1081 3596 mo.

75 3625 159 3682 comp·
177 3618 203 3668 d.
232 3612 360 3683 amplexo
377 3617 409 3666 lt.
439 3625 502 3664 -aae
521 3627 544 3665 r.
