2588 3956
180 151 186 156 '
232 147 295 210 146
588 144 618 198 O.
637 144 735 199 PLINI
754 143 912 201 SECUNDI

230 297 397 376 damnatur,
421 295 561 373 quoniam
583 293 686 354 lucum
708 295 842 356 remittit.
887 285 1002 372 pelagio
1025 293 1196 355 admodum
1223 295 1261 354 al-

134 416 138 422 ,
230 384 347 464 ligatur,
370 385 538 461 nimiaeque
559 384 624 443 eius
647 384 784 461 nigritiae
807 380 857 441 dat
875 383 1080 443 austeritatem
1105 382 1197 442 illam
1218 386 1262 444 ni·

231 481 388 552 toremque
408 473 459 550 qui
473 468 627 550 quaeritur
641 473 733 532 cocci.
768 473 809 532 ita
823 472 978 550 permixtis
992 471 1106 532 viribus
1122 471 1262 532 alterum

179 561 334 621 135altero
365 561 511 620 excitetur
545 567 596 620 aut
626 559 830 639 adstringitur.
875 577 989 620 summa
1017 559 1262 621 medicaminum

231 653 263 710 in
282 697 289 710 .
305 697 333 710 ..
352 647 443 711 lihras
470 647 614 708 vellerum
640 648 744 709 bucini
771 647 904 709 ducenae
932 655 963 708 et
990 667 1006 708 e
1033 649 1154 728 pelagio
1188 663 1286 710 cxne

231 743 272 800 ita
295 739 329 798 fit
351 736 510 818 amethysti
532 737 615 798 color
634 739 759 798 eximius
777 736 836 797 ille.
873 744 904 797 at
916 735 1024 816 Tyrius
1046 737 1168 818 pelagio
1197 743 1260 818 pri-

232 846 315 888 mum
337 829 463 888 satiatur
484 828 632 888 inmatura
654 826 801 906 viridique
825 827 948 907 cortina,
971 843 1040 886 mox
1057 835 1262 906 permutatur

231 919 262 977 in
286 915 404 976 bucino.
449 914 514 976 laus
540 917 570 975 ei
597 932 712 975 summa
738 917 769 975 in
798 914 897 975 colore
925 917 1078 994 sanguinis
1105 919 1261 996 concreti,

232 1007 382 1085 nigricans
409 1011 534 1083 aspectu
560 1003 699 1082 idemque
727 1011 868 1082 suspectu
896 1002 1057 1082 refulgens.
1109 1005 1200 1065 unde
1231 1015 1262 1065 et

232 1094 384 1155 Homero
406 1108 578 1173 purpureus
601 1092 710 1153 dicitur
733 1094 861 1171 sanguis
1273 1115 1289 1152 r

182 1195 233 1243 136
301 1177 360 1244 39.
385 1174 872 1265 (63)eu1puraeusumn0mae
895 1199 1014 1260 semper
1037 1181 1129 1242 luisse
1153 1183 1260 1263 video,

148 1284 153 1295 ·
234 1271 286 1332 sed
305 1270 460 1332 Romulo
452 1289 483 1331 ιιι
502 1269 612 1331 trabea.
649 1287 718 1330 nam
735 1278 808 1374 toga
822 1277 975 1362 praetexta
994 1277 1024 1330 et
1041 1269 1148 1330 latiore
1169 1271 1259 1332 clavo

234 1346 353 1421 Tullum
372 1358 535 1420 Hostilium
558 1377 574 1418 e
595 1358 716 1438 regibus
739 1361 870 1438 primum
888 1377 977 1419 usum
994 1357 1131 1419 Etruscis
1151 1358 1274 1422 devic-

80 1509 89 1524 ,
183 1451 282 1510 tertis
309 1450 382 1509 satis
409 1455 533 1509 constat
584 1447 700 1527 Nepos
729 1446 933 1530 CorneliuS‚
963 1437 1258 1538 quidiv'ihugusti

233 1534 508 1617 principatuohiit.
537 1535 588 1596 lle
593 1537 727 1618 ,inquit
750 1539 878 1596 invene
901 1496 1062 1598 violacea
1083 1554 1287 1617 purpura

234 1623 392 1704 vigebat,
415 1626 520 1686 cuius
543 1624 636 1685 libra
654 1624 814 1686 denariis
838 1633 982 1686 centum
1000 1625 1162 1706 venibat‚'
1134 1633 1257 1688 tnec

158 1773 160 1778 .
234 1713 346 1775 multo
375 1721 457 1793 post
486 1713 596 1774 rubra
621 1712 825 1775 Tarentina.
870 1713 954 1774 huic
984 1674 1167 1775 successit
1202 1716 1256 1777 di-

235 1801 348 1882 bapha
376 1801 497 1883 Tyria,
530 1820 618 1880 quae
649 1801 828 1863 inlibras
858 1801 1019 1863 denariis
1050 1802 1149 1863 mille
1182 1823 1256 1864 non

191 1930 193 1933 -
234 1897 379 1970 poterat
402 1893 478 1951 emi.
514 1890 577 1950 hac
595 1889 628 1952 P.
647 1890 823 1953 Lentulus
843 1890 1169 1971 Spintheraedilis
1191 1913 1254 1954 cu·

235 1979 328 2040 rulis
350 1981 487 2058 primus
510 1981 546 2039 in
564 1988 752 2058 praetexta
775 1997 862 2041 usus
881 1975 1160 2062 inprobaha'tnr‚
1185 2001 1255 2062 qua
1271 2006 1287 2031 1ι

235 2085 396 2149 purpura
426 2069 507 2147 quis
537 2085 607 2128 non
636 2070 717 2151 iarn,
746 2071 857 2150 inquit,
889 2069 1111 2130 tricliniaria
1143 2068 1255 2132 lacit?

237 2157 379 2238 Spinther
401 2157 504 2219 aedilis
527 2157 585 2219 fuit
606 2156 691 2217 urbis
714 2158 850 2219 conditae
869 2175 946 2218 anno
964 2169 1082 2222 noxe]
1105 2157 1254 2222 Cicerone

152 2255 153 2259 ’
236 2246 367 2307 consule.
414 2245 541 2325 dibapha
570 2253 642 2306 tunc
672 2245 826 2306 dicebatur
856 2264 931 2326 quae
960 2245 1007 2306 bis
1037 2247 1132 2308 tincta
1164 2257 1255 2330 esset,

236 2335 327 2396 veluti
345 2335 500 2414 magnifico
518 2333 679 2416 impendio,
697 2335 825 2414 qualiter
843 2353 923 2396 nunc
942 2353 1046 2396 omnes
1061 2331 1157 2415 paene
1173 2356 1254 2398 com·

236 2424 385 2484 modiores
408 2440 560 2503 purpurae
583 2424 769 2502 tinguuntur.
1267 2441 1288 2482 rs

185 2525 236 2573 138
305 2505 379 2594 (64)
411 2510 445 2571 ln
473 2510 655 2590 conchyliata
677 2518 759 2572 veste
787 2520 886 2585 cetera
914 2511 1017 2573 eadem
1044 2514 1108 2573 sine
1132 2511 1254 2595 bucino,

236 2608 415 2679 praeterque
444 2600 492 2658 ius
521 2606 706 2678 temperatur
733 2618 808 2680 aqua
836 2609 867 2663 et
892 2619 948 2680 pro
974 2600 1101 2662 indiviso
1129 2601 1253 2664 humani

219 2724 224 2730 -
236 2697 325 2767 potus
349 2693 546 2752 excremento.
592 2689 712 2750 dimidia
735 2697 765 2750 et
787 2690 982 2750 medicamina
1005 2688 1166 2752 adduntur
1211 2694 1253 2752 sic

237 2777 368 2855 gignitur
395 2775 530 2837 laudatus
559 2775 608 2847 ille
635 2777 729 2857 pallor
759 2780 913 2839 saturitate
944 2761 1077 2839 fraudata
1107 2787 1252 2859 tantoque

237 2864 359 2924 dilutior
382 2872 492 2943 quanto
515 2867 608 2945 magis
631 2866 739 2928 vellera
762 2869 908 2929 esuriunt
1265 2883 1288 2923 ιο

305 2947 364 3016 40.
396 2952 477 3014 Prot
455 2960 496 3014 tra
523 2953 739 3016 medicamento
767 2963 837 3017 sunt
864 2955 984 3035 quidem
1015 2974 1071 3036 pro
1098 2947 1251 3018 fertilitate

237 3041 359 3101 litorum
381 3041 493 3125 viliora,
516 3061 577 3103 non
599 3049 698 3106 tamen
721 3062 847 3124 usquam
870 3044 977 3124 pelagii
1000 3053 1141 3106 centenas
1163 3044 1250 3106 libras

238 3132 462 3210 quinquagenos
484 3149 623 3192 nrmrmos
647 3133 791 3194 excedere
815 3141 845 3194 et
867 3133 969 3194 bucini
990 3141 1133 3194 centenos
1158 3137 1252 3194 sciant

232 3220 290 3296 qui
312 3220 369 3279 ista
392 3228 564 3281 mercantur
587 3223 731 3283 inmenso.

206 3504 234 3525 -ι
309 3479 474 3532 diaconam
487 3495 534 3550 epo
548 3480 679 3534 ιιιιιιοαυι
711 3481 845 3536 LHerd.
870 3483 900 3536 M
917 3483 990 3538 Detl.
1009 3499 1059 3538 om
1078 3442 1106 3538 ιι.
1123 3483 1250 3552 lduoene
1289 3479 1290 3524 l

236 3549 1129 3674 1ι.ΙοιιιιιιιιςιοΒιιι.ιιοὸιιθιιιιιοιιι.ιοιιιιιιιιοιιι
1154 3557 1183 3608 te
1200 3572 1248 3626 pa·

236 3618 350 3674 latior.
367 3566 483 3688 {CXIgl
467 3636 517 3674 om
535 3625 567 3674 R
622 3626 656 3674 ιι
701 3619 783 3676 CXCI
803 3623 923 3693 Pighius
941 3641 1006 3680 ann
1026 3629 1127 3692 3,.323
1153 3623 1248 3682 neu.

198 3775 203 3782 ι
244 3715 259 3759 h
