2620 3948
343 140 426 195 unu.
445 140 537 194 Risu.
557 141 595 194 IX
613 145 718 194 33-35
739 143 864 210 (sa-sa)
1051 141 1113 206 139

99 289 230 349 diximus
253 290 284 349 in
308 290 437 349 circuitu
459 287 575 369 mundi,
606 291 678 350 item
701 288 849 350 Perimula
871 290 1166 384 promunturiumfffo1

99 377 210 438 Indiae.
254 379 415 457 praecipue
437 384 535 437 autem
559 377 716 439 laudantur
740 380 819 438 circa
832 376 970 438 Arabiam
993 381 1024 439 in
1043 378 1113 440 Per·

100 467 163 526 sico
187 466 253 526 sinu
278 468 368 526 maris
391 464 493 526 Rubri.
1029 486 1031 490 ·

167 553 258 633 Origo
281 562 370 633 atque
389 557 525 633 genitura
543 553 672 614 conchae
691 562 738 614 est
755 553 833 614 haud
852 555 979 616 multum
993 564 1165 617 ostrea-107
1197 565 1199 569 '

63 652 169 702 5rum
196 643 318 704 conchis
346 641 495 703 differens.
540 641 593 702 has
621 641 672 702 ubi
695 643 831 721 genitalis
859 646 928 704 anni
955 645 1114 706 stimularit

97 730 181 811 hora,
202 732 368 811 pandentes
387 750 418 791 se
438 731 564 809 quadam
583 733 757 792 oscitatione
776 731 885 810 inpleri
903 733 1019 794 roscido
1044 752 1112 794 con-

99 827 190 898 ceptu
209 820 348 901 tradunt,
362 818 496 900 gravidas
514 827 617 898 postea
636 821 717 900 eniti,
735 828 913 899 partumque
932 821 1113 883 concharum

98 927 167 969 esse
191 910 364 987 margaritas
386 926 441 987 pro
465 907 606 986 qualitate
629 910 708 968 roris
730 911 854 988 accepti.
903 911 928 968 si
950 928 1045 988 purus
1067 911 1125 970 in·'

95 997 228 1076 fluxerit,
252 996 412 1057 candorem
430 999 571 1078 conspici,
590 998 622 1077 si,
634 1015 705 1056 vero
724 995 871 1076 turbidus,
890 1005 920 1057 et
938 997 1031 1058 letum
1051 1016 1112 1058 sor·

45 1101 79 1143 10
96 1085 231 1146 desccre.
285 1085 414 1146 eundem
440 1085 550 1185 pallere
579 1085 660 1145 caelo
687 1087 819 1145 minante
845 1093 1031 1165 conceptum.
1077 1105 1126 1146 ex*
1176 1087 1178 1092 ’

95 1192 135 1234 eo
160 1175 269 1253 quippe
293 1182 439 1253 constare,
465 1174 598 1252 caelique
621 1174 665 1234 eis
688 1176 830 1234 maiorem
853 1175 1026 1234 societatem
1047 1193 1112 1234 esse

94 1279 188 1340 quarn
211 1264 310 1342 maris,
333 1263 402 1323 iude
424 1261 559 1323 nubilum
582 1261 660 1322 trahi
679 1262 809 1323 colorem
832 1269 883 1323 aut
905 1280 961 1342 pro
980 1263 1112 1323 claritate

92 1352 243 1410 matutina
270 1369 418 1412 serenum.
465 1354 491 1412 si
518 1352 693 1430 tempestive
722 1353 876 1432 satientur,
906 1350 1102 1429 grandescere
1114 1361 1164 1410 108

93 1445 128 1498 et
151 1445 264 1517 partus.
309 1442 335 1500 si
358 1440 502 1520 fulguret,
531 1441 687 1518 comprimi
715 1440 844 1499 conchas
872 1457 905 1499 ac
930 1456 985 1518 pro
1009 1441 1112 1500 ieiunii

46 1543 76 1583 15
93 1526 187 1587 modo
210 1529 313 1588 minui.
360 1531 478 1590 sivero
502 1530 590 1588 etiam
613 1530 760 1609 tonuerit,
788 1527 909 1607 pavidas
931 1546 965 1587 ac
988 1537 1112 1607 repente

6 1631 7 1634 ’
93 1633 286 1694 compressas
314 1635 389 1695 quae
416 1624 521 1677 vocant
543 1617 715 1696 physemata
740 1617 873 1697 efficere,
901 1617 1000 1696 specie
1023 1615 1111 1677 modo

92 1705 179 1764 inani
201 1705 317 1766 inllatas
340 1707 404 1765 sine
428 1723 562 1785 corpore.
607 1704 662 1765 hos
686 1723 751 1766 esse
776 1705 957 1765 concharum
978 1703 1111 1766 abortus.

92 1793 164 1853 sani
187 1793 307 1871 quidem
325 1802 429 1873 partus
448 1793 604 1872 multiplici
622 1800 760 1854 constant
779 1800 856 1874 cute,
880 1811 940 1854 non
958 1795 1110 1872 inproprie

91 1881 206 1942 callum
232 1890 267 1942 ut
294 1883 456 1943 existimari
479 1883 613 1962 corporis
635 1885 738 1961 possit.
785 1883 884 1960 itaque
908 1890 1112 1960 expurgantur

46 1987 109 2031 aea
134 1972 250 2050 peritis
288 1973 380 2032 miror
403 1973 467 2050 ipso
491 1977 607 2031 tantum
630 1989 680 2030 eas
703 1970 785 2030 caelo
808 1969 946 2050 gaudere,
970 1969 1030 2046 sole
1052 1989 1164 2040 ru·109

91 2060 213 2119 fescere
237 2059 454 2138 candoremque
477 2059 603 2138 perdere
627 2065 662 2119 ut
684 2076 794 2139 corpus
811 2057 981 2119 humanum.
1019 2076 1110 2137 quare

90 2149 293 2226 praepruum
311 2147 483 2208 custodiunt
500 2147 641 2227 pelagiae,
664 2146 752 2207 altius
771 2163 884 2206 mersae
902 2164 990 2225 quarn
1009 2153 1043 2205 ut
1060 2165 1111 2224 pe-

90 2242 219 2296 netrent
241 2236 323 2296 radii.
370 2237 533 2297 flavescunt
555 2242 654 2296 tamen
683 2241 713 2295 et
735 2234 802 2294 illae
825 2241 946 2295 senecta
969 2234 1110 2313 rugisque

90 2331 286 2404 torpescunt,
316 2343 371 2385 nec
394 2326 452 2385 nisi
475 2327 506 2385 in
528 2327 648 2384 iuventa
672 2330 788 2384 constat
809 2322 858 2383 ille
883 2324 934 2401 qui
957 2323 1111 2401 quaeritur

50 2427 76 2468 aa
90 2415 188 2491 vigor.
235 2420 424 2474 crassescunt
451 2414 540 2474 etiam
567 2413 599 2472 in
623 2419 743 2473 senecta
766 2410 947 2489 conchisque
971 2410 1110 2471 adhaere·

92 2507 185 2562 scunt
209 2518 263 2561 nec
287 2501 334 2561 his
353 2501 438 2562 avelli
455 2508 570 2580 queunt
592 2502 650 2561 uisi
668 2501 745 2561 lima.
782 2499 891 2578 quibus
914 2517 973 2559 una
996 2507 1111 2560 tantum

93 2597 142 2650 cst
161 2589 253 2650 iacies
277 2597 306 2650 et
325 2589 361 2650 ab
380 2609 415 2650 ca
433 2590 609 2670 rotunditas,
632 2591 743 2649 aversis
761 2588 908 2669 planities,
931 2587 1111 2672 ullum

92 2680 183 2762 pania
212 2680 411 2740 nominantur.
457 2677 651 2739 cohaerentes
680 2677 815 2738 videmus
843 2679 875 2737 in
905 2677 1026 2737 conchis
1055 2676 1109 2736 hac

94 2765 165 2826 dote
197 2775 350 2845 unguenta
379 2765 669 2829 circumferentibus.
716 2775 815 2826 cetero
846 2767 879 2825 in
909 2784 985 2845 aqua
1013 2765 1110 2826 mollis

56 2866 82 2907 oo
96 2857 180 2934 unio,
204 2863 359 2935 exemptus
381 2857 518 2935 protinus
542 2855 683 2916 durescit.

164 2935 239 3024 (55)
262 2941 380 3004 Concha
403 2947 481 3024 ipsa,
504 2962 573 3004 cum
596 2961 716 3004 manum
739 2943 820 3023 vidit,
843 2944 1012 3022 comprimit
1034 2960 1100 3002 sese
1113 2956 1163 3005 110

213 3051 235 3094 t

171 3188 187 3240 5
206 3183 336 3240 different
353 3184 458 3238 ΜΨ.
487 3183 534 3238 -lis
553 3186 623 3238 coni.
643 3184 735 3239 uara.
818 3190 834 3237 6
854 3185 991 3238 concentu
1008 3187 1039 3237 B.

101 3257 133 3306 10
152 3255 285 3310 minente.
313 3257 480 3325 conceptum
498 3270 533 3309 ex
551 3271 584 3310 eo
603 3256 665 3310 dist.
685 3256 759 3309 Detl.
829 3260 860 3308 11
882 3253 1008 3324 caelique
1027 3253 1067 3308 eis
1085 3269 1110 3309 o.

100 3323 182 3394 -liqui
195 3326 260 3380 &lis
278 3331 309 3381 B.
339 3326 372 3380 -li
390 3325 493 3395 quietis
511 3343 535 3380 r.
559 3343 598 3380 au
616 3325 689 3380 caeli
707 3343 771 3380 cum
789 3323 867 3378 illis?
924 3330 957 3379 16
976 3325 1068 3394 specie
1083 3329 1110 3378 1¹.

101 3408 157 3448 -em
174 3414 197 3451 r.
224 3397 275 3464 cfr.
300 3397 358 3452 Url.
376 3399 451 3452 vind.
470 3415 499 3451 n.
518 3402 580 3452 193.
646 3402 679 3451 17
697 3396 824 3451 inflatam
842 3413 866 3449 ι.
929 3402 964 3449 20
983 3395 1069 3448 miror
1086 3412 1110 3447 ι.

102 3480 143 3518 ·ro
161 3484 184 3522 r.
212 3485 286 3522 -rum
303 3469 373 3524 coci.
393 3468 478 3523 Solon.
495 3467 653 3536 {rufescere
671 3467 716 3521 κ’.
743 3467 854 3520 rubesc-
873 3465 949 3519 Ν.
975 3465 1068 3518 rufisc-
1087 3481 1110 3520 r.

17 3585 21 3594 .
153 3544 203 3662 132
223 3539 324 3609 pelago
344 3558 368 3594 ι.
440 3543 474 3592 25
493 3539 575 3609 uigor
593 3540 650 3607 up.
679 3555 717 3592 au
735 3535 830 3591 nitor?
898 3542 932 3590 26
952 3534 1038 3588 euelli
1055 3538 1110 3588 Ra.

105 3616 152 3658 ene
176 3609 224 3664 ἠ
