2588 3956
317 185 512 270 Nunnium.
532 187 571 241 ix
590 193 695 242 ar-ae
716 191 842 258 (oo-ao>
1025 191 1088 256 133

132 327 200 397 28.
225 328 300 417 (44)
323 334 454 400 Piscium
473 337 616 414 sanguine
636 343 739 396 carent
762 336 798 396 de
818 335 927 416 quibus
946 337 1088 402 dicemus.
1107 348 1141 398 83

54 432 135 482 sunt
163 430 266 483 autern
289 425 346 484 tria
370 432 492 502 genera:
522 426 652 504 primum
676 439 750 503 quae
774 425 873 486 mollia
896 427 1090 512 appellantur,

53 511 132 570 dein
161 519 302 573 contecta
331 513 441 573 crustis
468 512 623 594 tenuibus,
655 520 808 592 postremo
835 517 921 576 testis
949 518 1089 578 conclusa

44 600 162 660 duris
211 599 310 661 mollia
333 607 404 661 sunt
431 600 545 682 lolligo,
573 603 684 682 saepia,
712 601 838 682 polypus
864 597 897 664 et
917 613 1016 666 cetera
1039 625 1088 686 ge·

24 691 149 748 oneris
183 691 256 750 eius.
301 689 349 749 his
380 697 469 768 caput
497 691 576 760 inter
604 688 696 770 pedes
725 698 755 750 et
782 699 930 774 ventrem,
956 694 1089 772 pediculi

52 780 172 838 octoni
196 776 344 838 omnihus.
390 780 505 856 saepiae
525 787 560 839 et·
573 777 696 858 lolligini
715 779 807 858 pedes
826 781 886 841 duro
905 801 941 841 ex
960 781 1007 843 his
1025 782 1088 844 lon·

53 868 185 944 gissimi
204 873 235 926 et
252 868 352 945 asperi
371 866 478 946 quihus
498 867 534 926 ad
553 885 604 927 ora
623 866 779 928 admovent
797 867 879 928 cibos
897 877 929 930 et
947 872 978 930 ln
992 870 1087 932 flrrctu

53 973 89 1014 se
117 955 209 1016 velut
232 955 370 1015 anchoris
394 954 560 1036 stabiliunt,
583 964 682 1017 cetera
705 955 777 1016 cirri
800 957 910 1036 quihus
932 966 1087 1021 venantur.

133 1039 198 1105 29.
224 1037 298 1126 (45)
322 1075 364 1086 -—
388 1041 502 1122 Lolligo
526 1045 614 1105 etiam
636 1044 739 1105 volitat
761 1053 845 1114 extra
864 1063 970 1124 aquarn
994 1065 1025 1107 se
1045 1049 1086 1107 es·
1106 1055 1141 1106 84

13 1145 39 1184 1⁰
53 1132 181 1212 ferens,
205 1133 285 1211 quod
305 1140 335 1193 et
352 1132 523 1210 pectunculi
545 1133 666 1215 lacirrnt,
689 1135 811 1212 sagittae
830 1134 926 1194 modo.
951 1165 993 1178 -—
1018 1134 1087 1195 Sae-

53 1223 197 1300 piarum-
210 1223 314 1300 generi
337 1238 435 1282 mares
453 1223 527 1282 varii
550 1229 579 1282 et
597 1223 744 1301 nigriores
764 1225 1008 1302 constantiaeque
1027 1241 1086 1284 rna-

54 1313 149 1371 ioris.
197 1327 358 1388 percussae
387 1309 518 1371 tridente
547 1310 673 1371 luminae
702 1310 890 1392 auxiliantur,
920 1318 950 1372 at
977 1311 1087 1372 femina

55 1398 124 1458 icto
151 1417 235 1458 mare
259 1399 343 1478 fugit.
389 1398 475 1459 ambo
499 1407 607 1480 autem,
630 1399 681 1459 uhi
701 1417 822 1460 sensere
841 1419 873 1460 se
895 1399 1088 1480 adprehendi,

57 1487 164 1548 effuso
183 1495 360 1568 atramento,
378 1487 457 1566 quod
476 1505 532 1566 pro
551 1490 694 1566 sanguine
712 1488 758 1548 his
778 1495 832 1569 est,
851 1488 997 1550 infuscata
1011 1507 1087 1567 aqua

17 1587 42 1626 15
57 1575 304 1636 absconduntur.
623 1620 626 1628 ι

134 1657 213 1746 (46)
235 1663 417 1743 Polyporum
439 1663 531 1725 mtilta
554 1683 671 1742 genera.
713 1667 826 1725 terreni
845 1667 973 1727 maiores
997 1684 1086 1745 quarn
1106 1675 1139 1724 85

57 1746 184 1832 pelagii.
223 1751 361 1812 omnihus
379 1751 526 1813 bracchiis
544 1752 723 1832 etpedibus
742 1771 776 1812 ac
796 1753 932 1815 manibus
950 1761 1087 1837 utuntur,

60 1841 162 1902 cauda
190 1859 274 1923 vero,
304 1859 379 1920 quae
402 1850 449 1902 est
471 1840 584 1902 bisulca
608 1849 638 1901 et
661 1849 760 1923 acuta,
790 1845 821 1903 in
846 1844 936 1904 coitu.
982 1851 1012 1904 et
1034 1861 1086 1924 po·

60 1930 144 2010 lypis
167 1929 267 1991 fistula
291 1931 322 1989 in
345 1929 434 1990 dorso
455 1944 516 2009 'qua
538 1931 709 1991 tramittunt
731 1949 827 2012 mare,
850 1947 975 2009 eamque
998 1931 1086 1991 modo

22 2029 48 2069 it
61 2021 95 2080 in
121 2019 279 2079 dexteram
300 2027 430 2099 partem,
457 2018 544 2079 modo
567 2020 599 2079 in
623 2020 774 2079 sinistram
797 2019 990 2080 transierunt.
1036 2038 1086 2079 na·

62 2115 132 2168 tant
154 2106 271 2186 obliqui
293 2109 324 2166 in
348 2115 450 2189 caput,
475 2107 555 2186 quod
578 2107 760 2186 praedurum
783 2115 829 2168 est
853 2107 1021 2167 sufflatione
1044 2111 1085 2167 vi-

62 2195 217 2257 ventibus.
264 2202 365 2256 cetero
394 2214 448 2275 per
474 2195 612 2256 bracchia
642 2195 722 2256 velut
751 2194 913 2256 acetabulis
942 2195 1086 2274 dispersis

62 2285 179 2346 haustu
202 2285 332 2364 quodam
354 2283 579 2345 adhaerescunt.
621 2292 725 2346 tenent
743 2286 843 2363 supini
865 2291 899 2344 ut
918 2282 1003 2344 avelli
1025 2301 1086 2344 nou

63 2381 189 2453 queant.
235 2373 308 2433 vada
331 2391 391 2433 non
414 2372 654 2455 adprehendunt,
686 2381 715 2434 et
738 2372 899 2452 grandibus
923 2373 1020 2432 minor
1043 2380 1085 2432 te-

28 2473 51 2514 25
64 2465 191 2524 nacitas
225 2461 280 2522 soii
298 2461 433 2522 mollium
452 2465 484 2522 in
503 2463 616 2523 siccum
636 2469 754 2543 exeunt,
773 2462 924 2522 dumtaxat
937 2477 1085 2540 asperum.

63 2552 220 2623 levitatem
243 2550 342 2610 odore.
388 2558 550 2612 vescuntur
574 2549 796 2629 conchyliorum
824 2568 926 2630 carne,
957 2567 1085 2628 quorum
1104 2559 1139 2610 86

66 2639 199 2700 conchas
219 2639 374 2718 complexu
394 2640 522 2699 crinium
540 2639 688 2717 frangunt.
728 2641 828 2717 itaque
847 2637 1086 2717 praeiacentibus

65 2731 153 2789 testis
174 2725 272 2788 cuhsse
292 2745 396 2788 eorum
415 2726 657 2806 deprehenditur.
699 2734 729 2786 et
748 2744 816 2786 curn
835 2726 945 2805 alioqui
964 2725 1086 2787 brutum

66 2816 215 2877 habeatur
238 2815 357 2896 animal,
385 2823 419 2876 ut
443 2816 521 2895 quod
545 2815 581 2875 ad
604 2830 724 2876 manum
747 2814 876 2874 hominis
900 2814 1032 2895 adnatet,
1055 2817 1085 2874 in

105 3093 111 3104 ι
141 3004 300 3105 immam
318 3026 345 3076 Τ.
374 3022 452 3104 pimsi
467 3020 600 3090 (1²..pma'1
619 3021 656 3076 (1¹,
684 3021 842 3090 primum,
865 3017 1086 3102 inprirnisa2v.

68 3109 215 3218 tutta·
237 3165 287 3218 aa
305 3093 485 3219 tilithi
496 3091 612 3217 tat*
631 3091 816 3232 “lidda
836 3089 1088 3216 -ittttttt

69 3235 169 3290 denitur
194 3235 227 3289 in
250 3251 275 3290 o.
300 3239 333 3288 15
353 3239 418 3303 poet
441 3233 650 3289 absconduntur
677 3233 897 3302 trmtaponanda;
929 3233 979 3300 cfr.
1003 3233 1088 3286 iudea

70 3305 144 3360 tetri.
207 3309 242 3359 17
259 3304 366 3375 pelagii
383 3303 490 3360 nudet.
518 3305 569 3372 cfr.
588 3319 649 3359 noo.
669 3305 721 3359 lue.
739 3309 823 3373 pao.
851 3304 920 3374 -gioi
938 3303 976 3357 α’.
1004 3334 1014 3343 -
1038 3303 1087 3357 'r.

72 3378 194 3444 lomnes
213 3379 258 3430 do.
288 3377 294 3444 Ι
319 3375 451 3430 branchis
469 3381 546 3429 nra.
620 3379 653 3430 18
673 3377 716 3429 est
733 3375 845 3446 polypis
864 3379 909 3430 do.
938 3377 968 3429 et
984 3391 1045 3445 po·
1063 3391 1087 3428 r.

71 3449 119 3514 cfr.
138 3446 160 3517 ἕ
178 3451 223 3501 19.
296 3451 328 3500 21
348 3446 518 3516 praedurum
536 3449 568 3501 ut
586 3446 745 3502 sufflatione
764 3447 855 3502 Hard.
876 3447 935 3502 coll.
954 3446 1042 3499 Arist.
1061 3445 1086 3500 h.

71 3537 96 3572 o.
115 3521 164 3570 IV
173 3523 189 3570 1
205 3534 237 3584 p.
248 3518 345 3586 tatii,
353 3521 390 3572 17
409 3518 531 3585 καθάπερ
546 3519 786 3586 ὲμπεφυεημένην.
810 3534 849 3572 uo
862 3515 967 3570 sufflati
980 3515 1087 3570 modo?

139 3595 175 3643 27
196 3587 334 3658 conplexu
352 3587 410 3644 αὐ.
435 3587 523 3642 —fluxu
541 3592 566 3642 d.
586 3587 670 3642 -flexu
688 3606 710 3642 r.
727 3589 732 3656 Ι
748 3589 868 3642 crinium
885 3593 937 3642 Bo.
963 3587 1086 3640 uminum

73 3659 108 3713 d¹.
136 3659 272 3714 ciminum
289 3659 327 3714 dl.
356 3675 467 3714 crurum
486 3659 523 3713 αἳ.
552 3659 699 3714 criminum
717 3675 740 3714 r.
