2594 3960
295 101 383 184 nArj
399 125 493 182 Hier.
513 127 538 182 x
557 133 662 184 ae-ac
682 131 810 202 <aa-aa)
998 135 1061 200 195

31 296 96 338 esse
126 295 251 358 proque
284 278 329 338 eis
361 276 417 338 alia
446 276 662 340 substituenda.
709 281 798 341 etin
825 299 901 362 aqna
933 293 980 344 est
1011 302 1059 345 ex·

30 369 251 445 perimentum.
297 367 388 427 inane
405 366 510 448 fluitat,
532 369 634 446 itaque
656 369 791 451 sidentia,
814 370 871 432 boc
895 380 942 432 est
964 373 1060 454 plena,

30 454 128 517 subici
154 455 272 518 volunt.
318 457 440 517 concuti
462 474 532 515 vero
557 459 760 536 experimento
784 467 896 542 vetant,
920 464 1060 540 quoniam

29 565 88 605 uon
118 547 252 626 gignant
284 546 418 606 contusis
449 543 587 606 vitalibus
614 548 706 606 venis.
752 548 936 610 incubationi
963 551 1112 612 daturtaa

15 636 153 694 »initium
269 642 337 714 post
359 651 465 696 novam
488 633 601 716 lunam,
630 637 699 714 quia
726 638 811 715 prius
838 638 976 700 inchoata
999 657 1060 700 non

28 727 226 802 proveniant.
282 722 410 784 celerius
448 721 649 784 excluduntur
681 724 784 786 calidis
821 725 936 788 diebus.
992 727 1058 790 ideo

29 821 143 874 aestate
172 813 418 874 undevicensimo
442 812 572 873 educent
599 812 706 894 letum,
734 813 832 874 bieme
855 829 938 877 xxv.
962 819 988 878 si
1014 819 1058 878 in·

30 903 136 964 cubitu
164 903 280 984 tonuit,
308 919 362 962 ova
389 910 531 982 pereunt,
558 910 589 961 et
612 904 762 980 accipitris
791 904 890 965 audita
917 923 989 966 voce
1017 909 1058 966 vi·

29 995 156 1054 tiantur.
217 991 384 1053 remedium
417 999 520 1052 eontra
553 992 683 1051 tonitrus
715 991 815 1052 clavus
853 993 970 1055 ferrens
1002 993 1058 1054 sub

14 1083 180 1142 istramine
210 1098 336 1142 ovomm
362 1081 478 1160 positus
506 1088 557 1141 aut
584 1088 664 1140 terra
693 1089 858 1144 ex·aratro.
905 1081 1049 1160 quaedam
1061 1087 1110 1138 lat

31 1179 131 1232 autem
169 1177 202 1231 et
236 1173 311 1232 citra
342 1169 509 1230 incubitum
542 1177 647 1248 sponte
680 1178 786 1231 natura
819 1171 927 1250 gignit,
951 1179 985 1230 ut
1027 1173 1058 1230 in

33 1261 158 1340 Aegypti
185 1260 303 1321 timetis.
349 1260 458 1319 scitum
481 1259 518 1319 de
542 1259 669 1337 quodam
697 1266 803 1338 pctore
831 1261 984 1339 reperitur
1006 1258 1058 1338 Sy·

33 1351 149 1410 raeusis
171 1348 286 1410 tamdiu
305 1355 408 1427 potare
429 1347 558 1428 solitum,
582 1348 676 1408 donee
696 1356 837 1428 cooperta
860 1355 941 1408 terra
963 1347 1059 1408 letum

35 1437 162 1498 ederent
186 1456 250 1498 ova.

13 1537 23 1574 ⁵
99 1521 163 1588 55.
200 1519 283 1608 (aa)
321 1526 400 1598 Quin
433 1534 462 1586 et
495 1524 531 1584 ab
565 1525 683 1588 bomine
716 1525 922 1603 perficiuntur.
975 1523 1048 1586 lulia
1059 1530 1111 1582 154

38 1616 169 1693 augusta
193 1616 291 1694 prima
319 1632 372 1674 sua
395 1616 515 1674 iuventa
544 1612 608 1675 Tib.
632 1613 758 1674 Caesare
787 1632 823 1674 ex
847 1613 965 1674 Nerone
994 1631 1057 1691 gra-

38 1704 112 1786 vida,
140 1721 344 1782 comparere
371 1702 487 1763 virilem
516 1720 620 1763 sexum
649 1702 808 1763 admodum
837 1711 974 1783 cuperet,
1002 1703 1058 1763 hoc

38 1807 90 1851 usa
108 1802 153 1854 est
173 1791 302 1872 puellari
322 1793 456 1872 augurio,
475 1809 564 1851 ovum
582 1792 613 1850 in
633 1793 701 1852 sinu
721 1791 848 1852 lovendo
867 1799 966 1873 atque,
990 1809 1058 1852 cum

42 1880 248 1959 deponendum
262 1879 394 1962 baberet,
418 1881 528 1940 nutrici
542 1897 597 1959 per
616 1881 714 1940 sinum
734 1880 887 1961 tradendo,
911 1899 947 1940 ne
967 1883 1057 1941 inter·
1141 1893 1145 1898 ·

11 1970 208 2031 *oblitteretur
241 1977 335 2048 tepor.
391 1987 446 2029 nec
479 1967 553 2029 falso
586 1977 728 2047 augurata
760 1969 905 2047 proditur.
962 1987 1057 2048 nuper

40 2057 102 2120 inde
134 2059 273 2119 fortassis
305 2061 459 2118 inventum
492 2066 525 2118 ut
557 2075 610 2117 eva
643 2057 737 2117 calido
769 2060 800 2117 in
832 2057 898 2116 loeo
930 2058 1057 2136 inposita

38 2146 126 2223 paleis
146 2149 218 2226 igne
237 2145 353 2207 modice
377 2147 552 2207 foverentur
573 2145 693 2206 honrine
717 2153 863 2226 versante,
885 2147 1056 2225 pariterque

40 2244 66 2293 et
87 2244 168 2297 stato
188 2237 236 2297 die
259 2235 341 2296 illinc
364 2243 537 2314 erumperet
560 2235 647 2296 fetus.
679 2234 807 2296 traditur
831 2234 975 2312 quaedam
999 2239 1109 2293 arstta

39 2323 182 2399 gallinarii
206 2323 360 2386 cuiusdam
383 2324 510 2384 dicentis
534 2324 613 2403 quod
638 2341 673 2384 ex
704 2341 821 2403 quaque
853 2330 941 2383 esset.
992 2340 1057 2382 uar-

11 2421 140 2475 urantur
166 2422 197 2474 et
216 2421 332 2474 mortua
356 2412 463 2492 gallina
486 2413 585 2473 mariti
608 2430 711 2473 earum
730 2414 785 2472 visi
809 2410 1005 2472 succedentes
1027 2414 1058 2470 in

41 2502 150 2586 vicem‚·
174 2510 206 2563 et
232 2501 346 2581 reliqua
370 2503 447 2564 letae
471 2519 554 2562 more
583 2502 726 2561 iacientes
754 2499 998 2579 abstinentesque
1026 2519 1057 2561 se

42 2601 133 2653 cantu.
183 2591 396 2671 superomnia
421 2597 467 2650 est
494 2598 614 2650 anatum
643 2592 706 2650 ovis
735 2588 863 2649 subditis
891 2597 980 2668 atque
1009 2608 1057 2650 ex·

43 2677 127 2741 clusis
152 2681 308 2742 admiratio
331 2681 427 2760 prima
451 2695 510 2739 non
533 2677 620 2759 plane
644 2680 834 2758 agnoscentis
858 2669 966 2759 fetum,
989 2696 1057 2737 mox

42 2768 145 2831 incerti
174 2768 323 2848 singultus
351 2767 477 2828 sollicite
507 2769 713 2848 convocantis,
751 2775 903 2847 postremo
931 2767 1057 2827 lamenta

14 2856 116 2918 ³⁰circa
138 2860 272 2939 piscinae
297 2865 399 2937 stagna
423 2855 629 2936 mergentibus
653 2873 684 2916 se
709 2854 798 2934 pullis
823 2863 927 2916 natura
952 2855 1036 2916 derce.

110 3051 124 3100 a
139 3048 271 3102 loannem
284 3062 330 3116 eqo
344 3046 469 3101 iudicavi
482 3044 541 3099 coll.
558 3043 661 3098 Gelam.
682 3045 756 3095 VIII
766 3047 820 3110 5,9
835 3043 902 3098 luna
917 3043 1059 3098 crescente

47 3114 183 3172 adecime
200 3133 289 3186 usque
308 3117 344 3171 ad
362 3117 491 3186 quintam
509 3113 655 3169 decimam.
730 3115 889 3169 'leducunt
905 3117 951 3168 dc.
1026 3118 1059 3165 10

48 3187 170 3243 stramine
189 3193 237 3242 tc.
267 3203 315 3243 -na
332 3205 355 3243 r.
378 3189 382 3256 Ι
402 3189 495 3242 erebro
514 3185 625 3240 ΜΨ.
654 3188 746 3240 cretro
765 3184 803 3238 ⁸¹.
831 3185 907 3239 erebo
926 3188 951 3238 d.
1026 3189 1058 3236 11

46 3254 131 3325 gignit
142 3264 174 3314 n.
193 3261 276 3314 -nunt
288 3276 312 3315 r.
378 3264 410 3312 18
424 3260 524 3329 potera
538 3255 678 3312 vebat
703 3255 763 3310 vini
773 3273 825 3326 po·
839 3256 898 3311 edd.
914 3259 978 3310 acte
991 3253 1058 3309 Del.

45 3339 90 3382 ne.
104 3329 194 3386 Hord.
217 3331 270 3398 cfr.
280 3330 367 3386 Arist.
384 3332 427 3382 VI
432 3334 452 3385 2
462 3345 494 3398 p.
505 3332 560 3384 559
567 3327 633 3395 B,2
653 3327 810 3396 quondm<
823 3343 872 3382 nc.
946 3330 980 3380 14
995 3324 1059 3379 ede·

46 3401 143 3456 rente.
175 3417 217 3456 ·re
236 3402 264 3457 ll.
338 3406 371 3455 16
389 3401 510 3458 tbnsr.
538 3399 614 3454 tibus
627 3416 651 3454 r.
679 3397 891 3466 abducente.
966 3400 998 3450 18
1017 3395 1059 3450 fo-

46 3470 160 3526 uendum
177 3477 261 3527 MR.
351 3477 385 3526 23
404 3471 485 3526 illine
503 3469 602 3526 Νι).
635 3470 685 3524 -lie
703 3469 749 3525 lt'.
782 3469 892 3522 milium
911 3483 934 3522 r.
1025 3473 1059 3521 24

47 3544 114 3596 esset
130 3559 154 3598 c.
187 3545 262 3600 sent
279 3542 358 3598 ΒΨ.
383 3559 433 3598 ›se
452 3560 476 3598 r.
572 3547 605 3597 29
628 3539 729 3596 incerti
753 3540 892 3610 singultus
912 3537 990 3594 Prot.
1006 3608 1008 3610 v
1024 3538 1059 3591 -ti

49 3611 163 3670 culinus
176 3620 233 3671 Μ.
259 3615 294 3670 -ti
313 3615 417 3671 -ecltus
436 3613 474 3668 αἳ,
501 3614 549 3668 -tis
568 3612 690 3669 incultus
709 3617 735 3666 d.
764 3611 814 3665 -lis
832 3609 973 3664 incubitus
990 3607 1057 3661 12⁸¹.

841 3695 896 3752 13*
