2624 3954
218 150 284 218 288
578 149 606 205 0.
625 149 725 205 PLINI
744 147 902 206 suenum

158 320 181 364 ς·
219 319 286 362 rum
319 302 394 362 citra
426 317 552 361 acorem.
598 301 630 360 in
662 301 755 360 sacris
784 302 853 360 rino
885 299 1042 381 perfusum
1073 299 1235 364 odoratius.

219 392 353 452 nascitur
375 397 406 451 et
427 391 460 450 in
478 388 585 450 Arabia
602 387 745 468 indiaque
769 395 799 450 et
817 388 913 451 ltledia
936 408 970 450 ac
993 388 1151 470 Babylone.
1185 391 1236 452 ali-

164 484 200 536 36
220 480 271 558 qui
293 481 459 559 peraticum
481 485 587 540 vocant
608 496 664 558 per
677 477 801 538 Mediam
824 479 988 540 advectum.
1022 479 1157 560 fragilius
1179 480 1237 542 hoo
1294 521 1295 564 q

219 575 249 628 et
272 569 438 630 crustosius
462 570 663 650 amariusque,
691 574 721 628 at
742 565 878 628 Indicum
900 567 1030 629 unridius
1058 577 1089 630 et
1112 571 1236 631 cummi·
1294 567 1295 610 ³

218 674 335 720 uosum.
384 655 569 719 adulteratur
598 655 748 736 amygdala
777 675 868 738 nuce,
901 664 1001 718 cetera
1030 659 1095 719 eius
1125 671 1261 738 generat
1294 715 1295 752 p

219 749 330 808 cortice
351 755 380 807 et
398 745 544 807 scordasti
558 777 600 788 -
615 747 656 806 ita
674 751 796 806 vocatur
814 744 910 806 arbor
922 744 1038 807 aemulo
1057 751 1169 809 cummi
1183 779 1236 830 -‚

219 833 272 898 sed
302 834 587 918 deprehenduntur,'
616 833 708 894 semel
738 833 817 914 qnod
848 835 958 896 dixisse
991 843 1022 896 et
1053 838 1084 897 in
1117 845 1237 898 ceteros

219 923 327 984 odores
360 927 431 985 satis
463 931 522 1005 est,
554 923 659 1004 odore,
691 921 807 1006 colore,
838 924 986 1005 pondere,
1018 931 1124 1006 gustu,
1157 929 1237 1005 igne.

161 1064 165 1076 .
218 1011 336 1076 Bactrio
364 1015 444 1074 nitor
472 1014 570 1078 siccus
600 1011 744 1089 multique
773 1011 891 1073 candidi
919 1031 1047 1096 uugueS,
1079 1022 1238 1094 praeterea

189 1123 192 1130 ¹
219 1119 307 1163 suum
336 1101 453 1182 pondus
479 1119 546 1205 quo
572 1103 690 1180 gravius
712 1118 785 1164 esse
818 1109 869 1162 aut
900 1101 994 1162 levius
1026 1119 1087 1164 non
1120 1102 1239 1166 debeat.
1253 1119 1276 1157 ιι

218 1193 349 1270 pretium
373 1193 491 1251 sincero
514 1192 545 1251 in
568 1189 659 1250 libras
680 1189 709 1251 11
731 1203 780 1251 ιιι

166 1283 201 1335 31
288 1273 362 1363 (20)
387 1278 497 1340 Gentes
520 1297 610 1358 supra
633 1279 729 1339 dietas
751 1278 853 1340 Persis
875 1281 1002 1362 attingit,
1024 1223 1128 1341 Rubro
1151 1284 1240 1363 mari,

163 1368 336 1450 c,1ooquod
335 1367 385 1428 ibi
407 1367 562 1428 Persicum
592 1369 777 1449 vocavimus,
807 1367 895 1448 louge
927 1370 959 1428 iu
991 1375 1103 1429 terram
1134 1377 1241 1432 aestus

219 1465 324 1537 agente
348 1459 423 1517 mira
446 1455 587 1518 arborum
609 1461 725 1518 natura.
761 1416 888 1536 demque
908 1473 1011 1518 erosae
1030 1457 1090 1520 sale
1108 1459 1240 1520 invectis

219 1545 428 1624 derelictisque
440 1545 563 1606 'similes'
578 1547 658 1606 sicco
676 1545 763 1606 litore
783 1544 933 1607 radicibus
951 1546 1040 1608 nudis
1057 1546 1241 1628 polyporum
1255 1559 1275 1600 ιι

216 1633 307 1697 ruodo
330 1633 480 1713 amplexae
503 1633 620 1696 steriles
643 1633 769 1695 harenas
793 1642 974 1714 spectantur
1016 1635 1139 1720 eaedem
1161 1639 1241 1698 mari

215 1722 393 1790 adveniente
412 1721 553 1784 [luctibus
575 1722 708 1802 pulsatae
732 1725 877 1785 resistunt
899 1723 1063 1785 inmobiles
1109 1727 1184 1804 quin
1210 1734 1240 1788 et

200 1811 306 1890 'pleno
330 1817 414 1872 aestu
438 1813 615 1891 operiuntur
635 1819 726 1894 totae,
749 1811 930 1892 adparetque
953 1831 1056 1874 rerum
1078 1831 1239 1894 argumen-

218 1902 257 1960 tis
281 1903 439 1980 asperitate
463 1917 607 1980 aquarum
633 1900 699 1962 illas
727 1901 774 1963 ali
819 1889 991 1981 magnitudo
1018 1903 1154 1964 miranda
1182 1913 1239 1986 est,

218 1990 334 2069 species
364 1988 468 2051 similis
498 1989 645 2071 unedoni,
679 2008 801 2090 pomum
831 1989 990 2070 amygdalis
1020 1999 1119 2073 extra,
1154 1953 1239 2054 intus,
1251 2003 1279 2044 ²⁰

162 2080 363 2142 contortis
381 2077 510 2140 nucleis.

166 2170 201 2222 38
290 2161 349 2230 lo.
373 2160 447 2250 (21)
471 2166 559 2246 Tylos
578 2165 705 2228 1ιιειιΙι
697 2185 729 2253 ιιι
731 2159 857 2228 eodem
880 2169 948 2228 sinu
972 2175 1027 2249 est,
1049 2168 1164 2248 repleta
1189 2170 1240 2232 sil·

218 2258 262 2317 vis
281 2274 339 2336 qua
363 2262 477 2336 spectat
500 2257 647 2317 orientem
670 2247 787 2336 quaque
811 2263 841 2317 et
855 2258 927 2336 ipsa
950 2216 1035 2318 aestd
1058 2258 1150 2318 maris
1168 2275 1240 2338 per-

217 2344 316 2407 fundit
303 2351 362 2405 tur.
408 2344 579 2423 magnitudo
603 2345 726 2425 singulis
750 2344 907 2406 arboribus
931 2346 990 2429 imi,-
1011 2345 1066 2406 llos
1089 2348 1242 2411 suavitate

216 2432 417 2515 inenarrabili,
439 2451 560 2513 pomum
579 2432 681 2513 lupino
705 2433 810 2516 simile,
832 2442 956 2514 propter
978 2436 1169 2514 asperitatem
1194 2439 1242 2498 in·
1256 2449 1278 2489 ιι

217 2528 331 2585 tactum
362 2521 499 2585 omnibus
529 2522 713 2584 animalibus.
765 2523 900 2586 eiusdem
928 2522 1043 2584 insulae
1072 2523 1242 2587 excelsiore

218 2617 360 2690 suggestu
388 2609 535 2690 lanigerae
563 2610 686 2672 arbores
713 2611 769 2673 alio
798 2611 886 2672 modo
913 2629 1003 2692 quam
1026 2611 1142 2674 Serum.
1190 2614 1242 2676 l1is

217 2698 288 2760 folia
310 2699 470 2761 infecunda
493 2718 582 2780 quae,
612 2703 643 2762 ni
673 2703 788 2762 minora
818 2709 932 2784 essent,
962 2703 1068 2763 vitium
1096 2710 1243 2781 poterant

216 2787 320 2849 rideri.
365 2789 467 2850 ierunt
490 2788 559 2849 mali
581 2792 699 2850 cotonei
726 2789 919 2869 amplitudine
947 2783 1131 2872 cucurbitas,
1159 2809 1241 2870 quae

217 2879 388 2942 maturitate
419 2884 524 2962 ruptae
557 2877 718 2940 ostendunt
747 2878 895 2958 lanuginis
926 2877 1013 2959 pilas,
1052 2897 1087 2939 ex
1125 2879 1242 2960 quibus
1255 2894 1278 2934 ιι

163 2969 198 3022 99
217 2973 316 3030 vestes
338 2967 471 3047 pretioso
494 2964 585 3028 linteo
609 2965 729 3028 iaciunt
774 2961 823 3030 ll.
847 2965 983 3028 arborem
1005 2976 1112 3030 vocant
1134 2986 1243 3052 gossy-

289 3143 305 3193 3
324 3151 381 3208 per
392 3138 515 3195 Mediam
533 3137 595 3195 Sall.
622 3155 674 3210 por
692 3142 747 3210 (..r
764 3140 805 3210 Ι)
824 3137 918 3194 media
935 3144 998 3194 ss.
1022 3155 1061 3194 cx
1078 3138 1176 3196 medio
1193 3157 1244 3198 ru.

290 3216 306 3265 1
326 3210 413 3266 semel
431 3212 501 3280 quot
517 3214 553 3265 Ι.
581 3211 657 3280 quod
674 3211 762 3267 semel
779 3227 823 3266 ru.
902 3214 918 3265 8
938 3211 982 3266 est
998 3215 1034 3265 Ι.
1062 3210 1100 3265 sit
1116 3226 1165 3266 ro.

218 3287 251 3344 18
276 3298 315 3336 au
337 3280 492 3339 vocamus?
525 3281 583 3340 Url.
597 3282 675 3338 aiud.
694 3300 722 3337 u.
741 3287 799 3340 216
820 3282 908 3338 voluit
930 3281 1008 3336 alibi.
1038 3282 1042 3350 Ι
1070 3283 1180 3338 terram
1204 3290 1244 3340 Ι.

217 3369 262 3412 -ra
279 3369 324 3409 ro
407 3358 441 3410 14
457 3353 577 3408 inuectis
595 3353 791 3423 derelictisque
810 3354 867 3409 llo.
894 3351 1064 3422 inuictisqoe
1080 3357 1117 3407 ι
1206 3363 1245 3412 19

216 3422 453 3480 illasaltttnto
479 3424 531 3481 olla
549 3425 602 3480 soh
616 3425 703 3480 1t¹od
731 3425 955 3480 millasaluslt.
1028 3430 1242 3493 23quue1..

217 3507 353 3563 quaeque
362 3499 398 3550 ι
420 3496 424 3564 Ι
445 3495 592 3552 aestuariis
605 3502 637 3550 11.
712 3502 745 3551 81
765 3497 895 3552 arborem
912 3511 959 3580 epo
977 3495 1037 3552 coll.
1055 3495 1146 3552 iudice
1161 3490 1245 3555 utri.

217 3580 274 3618 -res
288 3566 345 3647 llo.
419 3572 462 3623 31.
471 3585 499 3638 p.
510 3571 571 3636 289,
582 3573 597 3621 1
618 3567 836 3638 gossypinumlt
850 3568 888 3636 (11
901 3567 1004 3623 inind.
1018 3567 1103 3636 libet)
1128 3585 1244 3644 --symp

217 3639 291 3694 lla
291 3635 393 3708 simp·
411 3641 436 3696 1
465 3637 619 3708 sampinos
637 3639 696 3704 edd
707 3644 771 3697 oute
780 3639 872 3697 Hand.
900 3656 1005 3710 --symp
1024 3638 1115 3696 Horat.
