2628 3950
185 219 299 267 mm
586 191 794 247 Parasino

251 348 352 407 Unum
369 345 439 420 post
461 361 572 401 annum
590 363 627 402 ex
645 343 749 402 eadem
768 341 886 402 officina
903 340 1092 401 Frobeniana
1114 339 1204 416 prod·

185 438 286 496 ierunt
311 434 417 494 Beati
443 433 604 492 Bhenani
631 433 663 490 in
690 431 782 490 Plinii
813 430 1032 507 praefationem
1058 433 1090 490 et
1116 431 1204 505 quat·

185 523 351 585 tuordecim
378 521 471 582 libros
499 520 721 593 adnotationes,
750 535 828 595 'quas
856 523 891 578 ut
919 519 1122 579 conscriberet
1150 517 1201 576 ad·

185 615 291 674 ductus
314 613 362 670 est
384 604 515 670 ‘vetusto
539 609 638 669 codice
660 609 860 668 bibliothecae
881 601 1098 668 Mnrbacensis'
1123 607 1204 683 apud

184 702 367 763 Brobeuium
385 699 505 760 collato.
550 699 606 758 hcc
624 699 703 757 enim
725 699 861 773 exemplo
884 699 1003 756 rectam
1026 695 1204 756 emendandi

185 793 266 852 viam
294 780 468 850 ‘studiosos’
495 787 602 848 docere
631 787 736 849 voluit.
783 787 846 846 sine
878 786 1012 846 codicum
1042 805 1097 862 ope
1126 786 1206 844 nihil
1309 849 1310 860 ,

187 881 398 960 corrigendum
420 897 486 940 csse
509 879 585 939 dixit
611 898 672 940 non
698 879 762 938 sine
788 879 849 940 levi
874 877 1105 956 reprehensione
1128 877 1204 936 Bar-

185 973 266 1048 bari,
290 991 378 1048 quem
401 969 535 1046 alioquin
557 970 691 1029 omnium
712 969 841 1028 maxime
868 969 1088 1042 admirabatur,
1116 967 1204 1026 etin

186 1062 324 1121 omnibus
348 1077 422 1135 quas
445 1059 603 1134 proposuit
625 1057 885 1117 emendationibus
907 1058 952 1116 ita
975 1075 1007 1116 se
1030 1056 1138 1134 gessit,
1165 1057 1202 1114 ut

187 1168 205 1208 a
222 1149 360 1227 vestigiis
380 1147 490 1207 codicis
509 1146 662 1223 profectus
681 1164 755 1205 sana
777 1149 809 1205 et
828 1147 1044 1222 circumspecta
1067 1145 1205 1205 doctrina

186 1241 278 1299 etiam
301 1259 338 1299 ex
355 1237 474 1296 vitiosis
497 1236 608 1294 litteris
629 1236 791 1312 genuinam
815 1236 996 1312 scripturam
1014 1253 1119 1294 eruere
1138 1235 1202 1293 ten-

187 1330 277 1389 taret.
323 1345 399 1402 quae
422 1326 454 1382 in
476 1325 523 1383 his
552 1324 796 1384 adnotationibus
825 1343 862 1384 ex
889 1325 988 1384 codice
1012 1323 1204 1382 Murbaceusi

186 1420 268 1476 recte
290 1416 434 1476 restituta
457 1431 522 1473 esse
545 1413 740 1491 videbantur,
768 1432 804 1472 ea
830 1404 863 1472 in
890 1413 997 1473 ceteris
1021 1412 1205 1472 editionibus

185 1505 392 1576 Frobenianis,
415 1520 491 1578 quae
514 1521 584 1561 mox
606 1503 760 1562 insecutae
783 1506 866 1578 suut,
888 1503 921 1561 in
943 1504 1061 1562 textum
1082 1502 1207 1577 recepta

189 1597 273 1670 sunt3
300 1595 365 1670 ipse
393 1595 494 1650 antem
521 1590 635 1651 Beatus
664 1591 825 1651 editionem
851 1609 912 1651 non
937 1591 1023 1667 fecit,
1053 1590 1105 1649 sed
1131 1591 1206 1648 baec

187 1683 342 1760 provincia
356 1679 536 1740 demandata
550 1681 598 1739 est
611 1679 841 1756 sigismundo
857 1679 1020 1752 Galerio,
1040 1680 1092 1755 qui
1105 1678 1205 1738 studio

189 1773 227 1830 ad
245 1773 376 1832 mortem
393 1787 488 1844 usqne
510 1786 571 1828 non
589 1769 690 1828 laxato
710 1770 841 1844 septiens
861 1761 971 1848 (1529.
993 1770 1089 1828 1530.
1111 1769 1206 1828 1535.

191 1861 288 1921 1539.
305 1859 402 1920 1545.
418 1860 512 1918 1549.
529 1849 629 1937 1554)
643 1857 774 1915 Plinium
792 1858 837 1915 ita
855 1857 957 1932 edidit,
975 1859 1011 1914 ut
1029 1856 1205 1930 orationem,

188 1968 246 2026 quo
267 1948 385 2025 saepius
404 1949 640 2022 recognosceret,
660 1965 694 2005 eo
714 1945 948 2005 emendatiorem
965 1945 1113 2005 redderet.
1138 1964 1206 2006 ean-
1306 1994 1309 2010 ,

188 2038 256 2097 dem
280 2039 389 2108 antem,
413 2053 504 2111 quam
526 2034 639 2095 Beatus
661 2033 791 2094 feliciter
813 2035 1089 2111 demonstraverat,
1118 2035 1205 2094 casti-

188 2125 281 2204 gandi
303 2125 451 2184 rationem
474 2123 576 2182 dedita
599 2141 691 2199 opera
714 2126 833 2182 secutus
857 2127 916 2200 est,
944 2123 981 2182 de
1004 2143 1064 2200 qua
1086 2125 1151 2200 ipse
1173 2124 1206 2182 in

189 2215 321 2292 epistula
346 2205 615 2272 ‘annotationibus'
639 2212 701 2270 suis
723 2214 892 2288 praemissa
915 2214 989 2273 hacc
1012 2213 1097 2272 dicIt:
1121 2206 1205 2288 ‘quid

188 2305 268 2366 enim
291 2303 403 2363 certius
427 2319 518 2377 quam
540 2300 607 2359 dno
630 2303 848 2376 pervetusta
876 2303 1100 2378 exemplaria
1125 2302 1206 2360 inter
1308 2357 1309 2382 ,

189 2413 222 2452 se
246 2391 433 2453 concinentia
452 2389 548 2466 sequi:
572 2389 704 2448 alterum
726 2390 817 2466 longe
839 2391 1077 2469 integerrimum,
1101 2389 1207 2464 depra-

189 2483 296 2544 vatius
315 2481 453 2555 alterum,
472 2479 517 2537 ita
530 2479 633 2536 tamen
649 2480 685 2536 ut
703 2479 873 2539 sincerioris
891 2478 1027 2537 lectionis
1044 2477 1207 2536 manifesta

192 2571 288 2630 etiam
305 2587 384 2628 nunc
402 2567 534 2644 vestigia
552 2559 732 2648 retineat*):
755 2568 883 2626 maxime
906 2567 932 2624 si
949 2567 1099 2642 phrasin
1122 2586 1206 2643 quo-

192 2678 259 2736 qne
284 2652 490 2718 Plinianam
519 2655 719 2732 diligenter
747 2654 939 2716 observes?
974 2674 1023 2714 me
1050 2657 1130 2715 certe
1157 2657 1207 2715 hic

193 2747 393 2808 oculatiorem
410 2745 482 2805 fecit
505 2762 573 2804 cnm
595 2744 740 2805 diuturna
761 2745 793 2804 in
816 2744 924 2803 ceteris
942 2744 1060 2804 Latinis
1084 2746 1208 2820 scripto·

191 2837 277 2896 ribus
300 2834 490 2909 exercitatio,
517 2836 584 2892 tum
605 2833 654 2891 hic
676 2833 741 2908 ipse
764 2835 869 2893 auctor
891 2833 961 2909 plus
983 2834 1081 2894 minus
1109 2833 1207 2892 decies

189 2944 252 2986 non
281 2923 446 2984 oscitanter
475 2918 678 2998 perlustratus
708 2940 742 2981 ac
771 2921 895 2999 proinde
926 2923 989 2981 iam
1018 2922 1206 2982 familiarior.

190 3018 222 3074 11
235 3016 268 3072 in
281 3014 380 3090 prima
398 3010 518 3086 quidem
537 3010 667 3069 editione
687 3007 727 3086 [a.
744 3008 843 3086 1529]
863 3011 1010 3087 quaedam
1026 3029 1088 3071 non
1105 3012 1209 3088 exigui

260 3217 286 3287 *t
304 3217 412 3272 Horum
426 3213 554 3269 codicum
568 3213 648 3282 alter,
667 3231 751 3284 quem
768 3214 979 3285 integerrimum
992 3216 1069 3284 dicit,
1087 3215 1209 3272 fortasse
1305 3213 1306 3222 ‘

189 3289 270 3344 Beati
287 3286 478 3342 Murbacensis
497 3287 570 3351 erat,
594 3285 667 3338 alter
684 3285 760 3339 idem
778 3301 863 3354 quem
880 3287 1012 3341 Erasmus
1035 3286 1157 3341 excussit
1178 3289 1209 3342 et
1305 3319 1306 3338 ι

189 3358 419 3430 depravatissime
435 3356 569 3426 scriptum
583 3355 662 3410 dixit,
690 3373 776 3424 quam
789 3357 857 3414 boni
869 3357 983 3426 1111111,
1001 3358 1099 3428 paucis
1113 3374 1207 3414 exem·
1305 3369 1306 3372 ’

189 3432 243 3500 plis
267 3431 386 3500 probare
408 3427 515 3498 placet:
543 3425 609 3480 XIII
630 3433 680 3481 130
700 3427 802 3481 HSM
806 3429 844 3483 M
866 3427 1104 3486 coemenda.
1125 3435 1203 3486 1649.

189 3501 224 3555 H
226 3502 264 3554 M
268 3502 306 3555 M
318 3499 361 3554 ed.
377 3498 438 3552 Gel.
458 3503 535 3551 1530.
560 3513 575 3550 a
592 3495 639 3551 D'.
664 3513 698 3551 na
715 3516 737 3551 r.
762 3497 830 3554 ibid.
849 3517 911 3555 ervo
928 3501 976 3555 sed
993 3501 1068 3555 ocior
1082 3501 1111 3556 M
1125 3499 1205 3558 codd.

190 3570 506 3697 Geisemieetc‘ioemr
524 3585 546 3622 r.
574 3565 639 3621 XIV
654 3573 705 3622 133
724 3571 818 3638 111111
836 3570 866 3624 Μ
879 3571 921 3628 ed.
938 3571 998 3628 Gal.
1018 3577 1097 3626 1549.
1122 3588 1208 3641 usqae

188 3657 232 3697 rc
273 3659 330 3698 .an
400 3655 435 3693 1.
