2620 3948
330 129 414 184 NAT.
433 129 525 184 Hlsu.
544 131 584 186 lx
603 137 707 186 10-15
728 134 853 201 (ra-ie)
1030 133 1094 196 123

75 279 166 340 humi
193 296 312 357 quoque
340 280 404 338 vice
431 279 542 358 pedum
569 270 702 359 serpunt.
753 280 846 359 pelles
874 299 978 342 eorum
1006 283 1094 343 eliam

75 367 230 428 detractas
253 369 372 446 corpori
396 383 516 428 sensum
541 386 704 447 aequorum
724 371 856 430 retinere
874 370 996 431 tradunt
1019 388 1093 432 sem·

72 474 195 536 perque
219 463 302 517 aestu
326 458 415 516 maris
436 456 595 518 recedente
613 456 830 538 inhorrescere,
853 466 1007 539 praeterea
1026 459 1094 518 dex-

74 553 146 605 trae
173 563 288 623 pennae
316 546 375 604 vim
408 546 602 624 soporiferam
633 547 732 606 inesse
760 565 938 625 somnosque
967 547 1094 608 adlicere

46 633 231 694 ssuhditam
255 635 352 712 capili.
821 630 824 635 ’
916 627 923 634 “

79 773 83 776 .
152 715 209 783 14.
233 721 296 782 Pilo
320 724 484 783 carentium
512 723 571 782 duo
594 724 715 784 omnino
743 723 849 784 animal
872 725 1007 805 pariunt,
1034 723 1093 784 del·
1114 742 1147 790 43

75 811 194 891 phinus
216 828 249 871 ac
272 813 380 890 vipera.

151 892 225 980 (16)
248 899 380 960 Piscium
398 900 513 978 species
537 906 608 959 sunt
629 913 759 960 Lxxnn
781 908 901 979 praeter
920 902 1029 961 crustis
1051 903 1095 961 in·

75 995 161 1048 tecta
190 1006 265 1067 quae
289 995 360 1048 sunt
384 1002 468 1049 xxx.
513 987 550 1048 de
578 988 703 1066 singulis
731 987 802 1048 alias
829 988 970 1049 dicemus.
1016 1007 1142 1072 1111111132,

35 1093 63 1133 ro
78 1079 163 1138 enim
186 1083 309 1137 naturae
332 1084 498 1148 tractantur
520 1077 690 1155 insignium.
1102 1075 1150 1175 ἐξ

151 1159 210 1227 15.
239 1158 313 1246 (17)
340 1164 503 1246 Praeprua
530 1165 733 1244 magnitudine
760 1165 874 1245 thynni.
928 1167 1096 1225 invenimus
1115 1176 1150 1232 44

76 1254 193 1315 talenta
216 1269 264 1314 xv
293 1254 485 1334 pependisse,
515 1254 649 1315 eiusdem
681 1253 791 1315 caudae
821 1254 1007 1315 latitudinem
1037 1253 1096 1314 duo

77 1342 184 1403 cuhita
212 1350 242 1408 et
263 1342 402 1421 palmum.
448 1343 523 1402 hum
546 1351 575 1402 et
603 1343 634 1402 in
657 1341 833 1425 quibusdam
857 1342 993 1404 amnibus
1017 1341 1096 1403 hand

77 1433 229 1512 minoreS,
257 1431 367 1492 silurus
390 1433 421 1491 in
444 1430 524 1511 Nilo,
551 1433 670 1492 isonia
693 1431 811 1512 Rheno,
839 1431 939 1492 attilus
962 1432 994 1491 in
1016 1430 1096 1491 Pado

37 1534 63 1574 15
77 1522 190 1581 inertia
212 1521 414 1599 pinguescens·
429 1519 465 1579 ad
484 1519 564 1579 mille
588 1518 744 1598 aliquando
764 1519 862 1600 libras,
891 1526 1026 1581 catenato
1050 1537 1095 1579 ca-

77 1617 151 1688 ptus
175 1607 262 1668 hamo
284 1627 339 1668 nec
358 1610 416 1668 nisi
434 1607 525 1668 houm
543 1610 620 1686 iugis
639 1616 799 1669 extractus.
836 1615 924 1688 atque
943 1608 1023 1668 hunc
1042 1610 1096 1668 mi·

78 1699 183 1758 nimus
206 1696 370 1776 appellatus
393 1697 497 1776 clupea
519 1714 625 1758 venam
647 1698 795 1775 quandam
819 1698 884 1758 eius
906 1699 938 1758 in
961 1696 1096 1760 saucibus

78 1788 156 1846 mira
177 1786 315 1865 cupidine
335 1785 478 1864 adpetens
496 1803 598 1846 morsu
618 1789 772 1846 exanimat.
815 1786 926 1846 silurus
944 1793 1096 1865 grassatur
1116 1802 1149 1851 45

79 1873 270 1953 ubicumque
294 1882 340 1934 est
370 1893 458 1934 omne
488 1873 594 1934 animal
624 1874 780 1955 adpetens,
810 1892 904 1953 equos
929 1875 1097 1940 innatantes

40 1977 66 2017 ao
80 1980 171 2042 saepe
200 1962 384 2041 demergens.
431 1965 590 2043 praecipue
617 1964 649 2023 ln
675 1962 781 2022 Moeno
809 1961 983 2024 Germaniae
1011 1980 1097 2022 amne

80 2051 208 2130 protelis
237 2051 328 2112 houm
358 2059 388 2112 et
416 2052 449 2111 in
478 2049 610 2111 Danuvio
640 2051 749 2112 marris
778 2050 944 2111 extrahitur
973 2050 1096 2129 porculo

81 2143 199 2202 marino
219 2139 393 2200 simillimus.
439 2141 519 2200 etin
537 2138 721 2219 Borysthene
740 2146 923 2200 memoratur
938 2141 1098 2218 praecipua

81 2229 256 2308 magnitudo
284 2227 373 2288 nullis
400 2227 519 2288 ossibus
548 2229 678 2307 spinisve
705 2228 864 2308 intersitis,
895 2245 984 2287 carne
1013 2245 1097 2306 prae-

81 2318 171 2379 dulci.
218 2319 250 2378 in
273 2316 372 2396 Gange
395 2317 494 2378 Indiae
521 2316 693 2395 platanistas
716 2322 823 2376 vocant
845 2323 943 2376 rostro
966 2315 1098 2394 delphini
1117 2331 1151 2380 46

45 2417 69 2458 2⁵
83 2413 112 2466 et
136 2406 244 2488 cauda,
273 2406 475 2486 magnitudine
503 2412 603 2466 autem
630 2419 692 2466 xvi
715 2403 893 2466 cubitorum.
939 2405 970 2464 in
993 2403 1098 2464 eodem

83 2512 149 2555 esse
175 2495 314 2556 Statius
339 2493 497 2575 Sebosus
521 2493 598 2554 haud
617 2493 734 2556 modico
752 2492 895 2554 miraculo
915 2492 1010 2554 adfert
1032 2510 1096 2552 ver·

85 2601 147 2644 mes
170 2583 322 2644 branchiis
345 2583 423 2643 binis
445 2597 494 2643 Lx
517 2581 701 2663 cubitorum,
725 2581 891 2662 caeruleoS,
915 2583 967 2660 qui
989 2598 1097 2642 nomen

85 2688 100 2729 a
123 2673 201 2734 facie
222 2679 387 2733 traxerunt.
431 2671 479 2733 his
501 2679 599 2732 tantas
622 2689 688 2732 esse
712 2671 790 2731 vires
813 2677 847 2732 ut
866 2669 1097 2751 elephantosad

86 2767 173 2836 potus
197 2762 351 2822 venientes
377 2760 529 2822 mordicus
557 2759 770 2839 comprehensa
792 2777 881 2820 manu
906 2777 1010 2819 eorum
1033 2757 1097 2818 ahs-

42 2847 74 2898 10
87 2849 214 2910 trahant.

152 2932 226 3020 (18)
260 2937 377 3017 Thynoi
404 2955 501 2998 mares
529 2937 585 2998 suh
613 2945 716 2996 ventre
744 2954 804 2997 non
831 2935 942 2996 hahent
969 2937 1097 3016 pinnam.
1117 2936 1151 2985 47

89 3025 198 3088 intrant
224 3047 240 3088 e
269 3045 375 3106 magno
403 3029 477 3087 mari
504 3025 632 3086 Pontum
664 3042 756 3085 verno
784 3032 918 3105 tempore
946 3025 1099 3105 gregatim,

90 3129 143 3172 nec
169 3115 238 3176 alibi
266 3115 418 3176 fetificant.
473 3114 592 3193 cordyla
619 3112 784 3193 appellatur
810 3121 914 3193 partus
946 3115 998 3192 qui
1025 3113 1099 3172 letas

160 3321 328 3376 hanimalia
345 3321 412 3376 illd.
487 3319 640 3374 mauolt.
669 3319 791 3388 quinque
810 3319 902 3374 Hand.
921 3336 954 3373 ccc
967 3319 1055 3374 Arc'st.
1074 3320 1099 3372 h.

96 3404 120 3440 a.
143 3393 213 3445 VIII
226 3399 263 3450 30
277 3411 308 3462 p.
328 3398 384 3448 607
402 3393 443 3460 B,
462 3396 512 3458 33,
536 3393 583 3446 sed
601 3396 639 3447 est
657 3392 738 3445 etiam
756 3393 838 3446 caria
856 3392 933 3446 lectio
951 3391 1011 3444 δύο.

97 3461 129 3511 14
144 3459 204 3518 isox
221 3465 291 3518 coci.
307 3465 400 3519 Hard.
419 3480 453 3518 ec
467 3462 610 3532 Hesychia
639 3477 706 3516 esox
724 3461 830 3516 RIDal.
851 3477 913 3516 esos
927 3460 957 3512 ,a
971 3461 1100 3514 edduett.

97 3541 158 3584 exos
174 3535 217 3589 12³.
242 3535 308 3590 ixox
326 3537 366 3605 (y-
385 3536 411 3604 d)
430 3551 453 3588 r.
508 3539 540 3588 21
561 3532 661 3587 marris
679 3532 771 3587 Haud.
790 3530 862 3586 mori
880 3533 907 3586 ll.
934 3531 1023 3584 mario
1043 3529 1093 3585 Get

162 3609 194 3658 25
213 3605 302 3660 cauda
320 3611 366 3660 ad.
394 3605 472 3660 -dam
489 3621 513 3660 r.
543 3607 547 3673 l
576 3603 628 3659 XV
647 3606 692 3656 ad.
