2636 3952
336 129 418 183 ΝΑΤ.
439 129 530 184 Hiar.
550 131 574 183 x
595 137 699 186 24-29
719 133 844 202 (as-42)
1044 135 1105 200 177

79 295 149 338 non
179 294 259 358 esse,
291 281 393 358 etiam,
424 281 449 338 si
478 297 536 358 qua
564 283 679 342 invecta
707 285 758 364 sit,
789 287 890 345 emori.
938 303 1005 346 nam
1032 286 1106 346 haec

80 384 209 445 quoque
240 369 315 427 mira
345 375 468 428 naturae
499 368 673 431 differentia.
725 372 780 432 alia
811 373 875 433 aliis
905 374 979 434 locis
1009 383 1105 454 negat,

79 463 241 534 tamquam
274 474 384 534 genera
418 457 538 535 frugum
573 458 752 520 fruticumrc
788 464 830 521 sic
865 469 896 522 et
926 463 1104 524 animalium.

80 561 149 604 non
174 546 257 604 nasei
284 545 476 626 tralaticium,
503 548 620 606 invecta
648 550 742 608 emori
770 552 887 611 mirum.
933 552 1005 630 quid
1033 551 1105 612 illud

50 640 133 692 ⁵est
154 633 243 694 unius
261 635 380 711 generis
399 633 486 693 saluti
509 635 679 716 adversum,
702 653 813 714 quaeve
837 640 893 698 ista
916 647 1038 700 naturae
1061 643 1105 701 lu-

80 722 175 801 ridia,
193 728 244 782 aut
263 724 315 799 qui
333 731 482 804 terrarum
501 723 572 783 dicti
590 723 693 784 avibus
712 720 854 785 termini?
885 725 1005 787 Rhodos
1024 731 1105 806 aqui·

81 809 146 870 lam
177 827 237 869 non
266 808 363 871 habet.
410 810 619 890 Transpadana
645 811 729 872 ltalia
758 815 840 874 iuxta
867 813 956 893 Alpes
983 813 1105 876 Larium
1125 821 1159 870 tr

81 897 187 960 lacum
210 898 336 978 appellat
359 917 516 960 amoenum
544 899 665 961 arbusto
695 919 765 979 agro
793 901 829 960 ad
858 920 947 980 quem
976 905 1105 963 ciconiae

81 1004 150 1047 non
172 995 337 1067 permeant,
360 990 448 1048 sicuti
471 1006 528 1049 neo
551 996 688 1049 octavum
711 991 786 1049 citra
805 990 932 1068 lapidem
951 989 987 1049 ab
1007 1009 1042 1050 eo
1062 993 1105 1050 in-

40 1093 196 1137 remensa
223 1074 334 1156 alioqui
363 1077 488 1136 linitimo
519 1075 679 1137 Insubrum
709 1085 806 1154 tractu
838 1080 972 1138 examina
1001 1097 1105 1156 gracu-

81 1163 186 1225 lorum
205 1164 439 1244 monedularum,
463 1167 512 1224 oui
536 1164 590 1225 soli
614 1167 660 1225 ari
678 1166 818 1226 furacitas
843 1169 957 1246 argenti
981 1169 1106 1246 aurique

83 1255 250 1332 praecipue
273 1255 347 1313 mira
371 1262 425 1319 est.
462 1255 547 1331 picus
570 1253 695 1314 Martius
717 1256 748 1314 in
772 1254 934 1315 Tarentino
958 1273 1029 1334 agro
1052 1273 1103 1316 ne·

84 1351 176 1420 gatur
199 1359 275 1402 esso.
297 1360 404 1420 ¹nuper
426 1350 456 1401 ct
479 1339 575 1401 adlruo
598 1351 697 1403 tamen
720 1360 788 1402 rara
811 1342 847 1403 ab
870 1343 1046 1423 Appennino
1069 1341 1106 1403 ad
1125 1348 1159 1398 78

84 1429 196 1491 urbem
220 1447 324 1490 versus
348 1432 431 1490 cerni
459 1448 586 1508 coepere
613 1433 748 1510 picarum
778 1450 888 1510 genera
915 1449 991 1510 quae
1018 1432 1105 1510 longa

43 1537 70 1578 ιε
85 1521 222 1597 insignes
241 1519 334 1578 cauda
352 1520 448 1579 variae
469 1517 662 1597 appellantur.
689 1522 845 1599 proprium
868 1519 915 1580 bis
939 1520 1105 1580 calvescere

86 1606 228 1668 omnibus
251 1609 351 1687 annis,
377 1625 445 1667 oum
472 1613 610 1668 serantur
637 1626 716 1686 rapa.
762 1608 899 1686 perdices
922 1626 982 1668 non
1010 1617 1105 1668 trans-

85 1694 188 1756 volant
217 1693 356 1756 Boeotiae
387 1696 462 1755 sines
491 1697 522 1754 in
553 1695 663 1777 Attica,
693 1714 748 1756 nec
777 1695 836 1756 ulla
863 1699 924 1757 avis
950 1698 982 1756 in
1009 1695 1105 1757 Ponto

87 1783 185 1844 insula
214 1803 271 1863 qua
299 1784 434 1863 sepultus
462 1792 509 1844 est
535 1783 663 1844 Achilles
690 1793 835 1845 sacratam
862 1788 891 1845 ei
918 1785 1029 1846 aedem.
1075 1788 1107 1845 in

89 1871 230 1933 Fidenate
250 1891 320 1951 agro
340 1875 422 1934 iuxta
440 1871 546 1933 urbem
569 1875 700 1933 ciconiae
724 1891 780 1934 neo
803 1873 900 1952 pullos
923 1890 979 1933 nec
1003 1874 1106 1934 nidum

47 1981 77 2022 so
90 1961 212 2022 iaciunt.
254 1970 284 2021 at
301 1963 332 2020 in
351 1980 455 2039 agrum
469 1960 695 2021 Volaterranum
717 1960 901 2039 palumbium
924 1963 968 2021 vis
991 1980 1007 2021 e
1031 1963 1107 2021 mari

90 2051 249 2128 quotannis
282 2050 405 2110 advolat.
460 2049 571 2108 Romae
607 2051 638 2108 in
671 2049 774 2110 aedem
805 2049 943 2110 Herculis
975 2051 1006 2108 in
1039 2051 1104 2109 loro
1124 2055 1158 2104 'ta

90 2137 197 2199 Boario
225 2157 280 2198 nco
309 2157 428 2200 muscae
457 2156 512 2197 nec
544 2155 632 2197 canes
663 2139 785 2197 intrant.
830 2137 922 2197 multa
952 2144 1107 2215 praeterea

90 2226 206 2307 similia,
229 2238 304 2306 quae
324 2228 455 2306 prudens
476 2225 600 2287 subinde
621 2227 724 2287 omitto
744 2227 775 2285 in
794 2224 918 2304 singulis
937 2224 1107 2305 generibus,

91 2315 208 2376 fastidio
231 2333 373 2396 parcens,
408 2317 518 2394 qnippe
549 2332 618 2374 oum
640 2314 912 2392 Theophrastus
942 2313 1041 2373 tradat
1063 2315 1106 2373 in·

49 2425 77 2468 as
91 2405 230 2464 vectioias
255 2423 319 2464 esse
348 2407 378 2464 in
406 2404 475 2464 Asia
502 2401 654 2463 columbas
682 2412 712 2463 et
739 2421 868 2481 pavones
897 2409 926 2462 et
949 2419 1054 2461 cervos
1077 2410 1107 2461 et

92 2495 122 2553 in
146 2491 305 2572 Cyrenaica
326 2493 445 2552 'vocales
468 2510 564 2552 ranas.

159 2575 233 2662 (42)
261 2580 323 2641 Alia
347 2573 500 2642 admiratio
529 2583 608 2641 eirca
631 2581 756 2640 oscines.
802 2581 866 2639 sere
890 2586 1005 2640 mutant
1029 2577 1106 2638 colo·
1126 2583 1160 2630 80

30 2665 33 2670 ’
94 2689 157 2730 rom
174 2687 337 2749 vocemque
362 2678 494 2749 tempore
518 2671 643 2728 anniae
672 2676 795 2747 repente
823 2669 899 2728 frunt
923 2667 1004 2747 aliae,
1028 2665 1106 2745 quod

94 2761 124 2818 iu
146 2759 303 2837 grandiore
327 2759 429 2819 alitum
452 2775 562 2836 genere
584 2773 675 2836 grues
702 2764 826 2817 tantum.
871 2755 926 2816 hae
955 2758 1035 2815 onim
1062 2773 1107 2814 se-

52 2872 81 2911 so
96 2854 213 2908 nectute
232 2850 415 2925 nigrescunt.
443 2846 557 2906 merula
576 2865 612 2906 ex
631 2847 715 2924 nigra
733 2846 867 2924 rufescit,
890 2846 970 2904 canit
988 2850 1108 2922 aestate,
1152 2895 1156 2904 ,

96 2935 190 2996 hieme
217 2934 359 3016 balbutit,
391 2937 469 2995 circa
498 2934 659 2994 solstitium
686 2942 775 2994 muta.
826 2940 960 3012 rostrum
989 2949 1107 3010 quoque

166 3183 261 3232 lesse
280 3193 335 3248 epo.
364 3179 407 3230 est
426 3178 483 3231 tto.
551 3175 655 3244 tquid
669 3176 706 3229 ε’.
729 3174 775 3243 qd’
790 3179 814 3228 d.
838 3174 914 3242 quod
931 3191 955 3226 r.
1019 3171 1110 3225 bisin

98 3247 170 3302 Ν.
196 3249 241 3302 bis
260 3253 284 3302 d.
310 3248 334 3302 is
353 3265 375 3301 r.
449 3247 598 3302 &Rhodos
616 3263 641 3301 o.
667 3245 750 3301 rodos
769 3246 797 3299 il.
871 3250 957 3298 tneo
975 3259 999 3296 o.
1027 3259 1062 3296 ne
1082 3243 1110 3295 u.

63 3354 66 3360 ·
167 3324 241 3373 9.10
259 3320 426 3373 mensae.
453 3319 538 3372 -solt
612 3323 645 3372 10
663 3318 756 3372 tractu
770 3320 794 3369 d.
821 3317 893 3368 -tum
906 3332 929 3369 r.
1002 3317 1036 3366 ab
1052 3327 1110 3366 cer-

99 3408 146 3446 uos
164 3391 193 3444 ll.
221 3389 280 3445 edd.
298 3395 358 3444 vett.
390 3405 488 3444 corvos
506 3390 546 3444 ed.
565 3389 633 3442 Bao.
719 3393 753 3441 2⁷
773 3391 823 3441 out
839 3386 951 3440 mutant
967 3383 1026 3438 fero
1044 3383 1110 3436 soei-

99 3461 213 3518 bmdmu
234 3466 273 3516 eat
295 3466 346 3516 aui
367 3461 498 3516 addace
520 3459 629 3528 aliquid
648 3458 814 3526 putoodmu.
852 3473 890 3510 aa
908 3452 1027 3510 omncs?
1060 3454 1109 3518 cfr.

97 3533 183 3589 Arioi
198 3532 224 3586 b.
239 3550 265 3588 a.
279 3535 326 3586 IX
333 3529 385 3586 491’
399 3531 544 3600 1263213,
559 3532 593 3583 14·
612 3534 670 3583 τῶν
690 3530 715 3583 δ’
729 3529 836 3596 ὀρνέων
853 3525 959 3580 πολλὰ
978 3523 1111 3589 μεταβάλ-

98 3609 179 3660 locu.
251 3608 285 3656 28
305 3605 337 3656 ut
353 3605 479 3671 tempore
497 3606 569 3654 rac.

149 3693 217 3732 Pam.
231 3701 288 3732 nnn.
301 3701 364 3732 mor.
391 3692 423 3732 11.
917 3689 949 3735 12
