2620 3948
271 107 355 160 NAT.
374 107 466 162 Htsr.
485 109 550 162 Vnt
569 113 674 162 43-43
694 111 819 178 (cn-rm
1008 107 1051 174 93

47 258 213 316 novissimus
242 273 366 316 cernere
394 259 498 335 incipit
526 265 577 317 aut
600 274 689 336 quem
711 260 841 336 primum
864 258 922 318 lert
946 260 976 318 in
1000 277 1050 319 cu-

47 344 98 404 bile
120 346 184 405 teta.

106 427 177 516 (63)
203 431 311 492 Rabies
335 451 442 493 canum
461 435 532 494 sirio
557 433 678 494 ardente
697 435 809 494 homini
831 436 986 516 pestilera,
1009 444 1044 496 ut
1054 444 1105 491 152

46 523 210 603 diximus‚i
211 530 240 582 ta
264 524 371 598 morsis
394 520 473 582 letali
497 539 589 601 aquae
613 532 703 583 metu.
733 532 914 626 quapropter
937 513 1098 584 obviam²
1067 565 1106 604 107

44 612 100 670 itur
125 629 178 689 per
201 625 276 672 xxx
305 629 356 670 eos
382 610 460 691 dies,
489 610 650 689 gallinaceo
678 615 804 672 maxime
832 613 936 673 fimo
928 615 1051 673 inmixto

46 717 144 759 canum
167 698 242 761 cibis
266 707 329 780 ant,
353 701 378 759 si
400 703 589 779 praevenerit
612 699 748 782 morbus,
771 709 897 761 veratro.
944 695 1002 762 41.
1036 721 1053 762 3

45 805 139 848 morsu
162 807 232 848 vero
256 791 378 848 unicum
404 788 569 848 remedium
592 790 712 849 oraculo
736 789 864 868 quodam
887 809 982 868 nuper
1006 808 1051 850 re·

44 885 155 953 pcrtnm
178 878 261 938 radix
290 876 435 937 silvestris
458 895 542 937 rosae
571 896 646 956 quae
671 877 855 957 cynorrhoda
880 878 1052 958 appellatur.

45 963 234 1026 Columella
258 973 361 1026 auctor
386 973 443 1047 est,
467 967 492 1024 si
511 980 557 1026 xh
578 966 625 1026 die
650 985 738 1044 quarn
761 969 800 1026 sit
822 974 909 1026 natus
933 974 1042 1026 castre·
1055 974 1104 1022 153

44 1061 88 1112 tur
110 1073 211 1114 morsu
235 1049 327 1115 cauda
351 1072 544 1132 summusque
568 1057 633 1115 eius
656 1055 799 1115 articulus
822 1055 984 1135 auferatur,
1008 1073 1052 1114 se-

44 1145 90 1218 qui
118 1162 256 1223 nervnm3
294 1151 430 1221 exempto
465 1161 520 1202 nec
552 1143 675 1204 caudam
705 1162 841 1203 crescere
878 1162 933 1203 nee
964 1161 1053 1202 canes

42 1229 154 1291 rabidos
177 1233 251 1292 sieri.
296 1249 400 1292 canem
423 1231 556 1291 locutum
580 1235 610 1292 in
633 1231 788 1312 prodigiiS,
812 1231 891 1310 quod
916 1231 1054 1310 equidem

44 1319 247 1402 adnotaverim
270 1321 438 1398 accepimus
463 1328 492 1379 et
515 1339 623 1399 serpen
625 1328 686 1380 tem
704 1320 744 1380 lat
732 1329 836 1400 trasse,
859 1339 927 1381 cum
948 1319 1053 1400 pulsus

43 1417 84 1467 est
105 1427 198 1487 regno
226 1410 416 1483 Terponus.

105 1491 163 1559 42.
180 1491 254 1584 (64)
277 1495 381 1556 Eidem
400 1496 564 1556 Alexandro
587 1505 617 1557 et
636 1500 706 1600 equi
727 1463 831 1576 magna
850 1500 956 1557 raritas
975 1503 1107 1556 con-154

43 1586 111 1662 tigit
156 1581 345 1690 Bucephalan
374 1604 442 1645 eum
471 1594 614 1646 vocarunt
642 1587 703 1645 sive
734 1585 770 1645 ab
799 1585 941 1688 adspectu
969 1594 1053 1645 torvo

43 1676 99 1732 sive
122 1673 190 1734 ab
182 1676 292 1753 insigni
315 1675 425 1734 taurini
449 1676 552 1753 capitis
577 1681 659 1734 armo
681 1676 819 1754 inpressi.
849 1688 912 1735 xv1
935 1675 1054 1734 talentis

42 1761 138 1822 lerunt
152 1783 188 1823 ex
203 1761 349 1822 Philonici
363 1761 507 1822 Pharsalii
520 1781 609 1841 grege
630 1771 763 1843 emptum
780 1766 946 1824 etiamtum
959 1780 1053 1841 puero

42 1859 123 1928 capto
147 1856 212 1914 eins
236 1851 352 1912 decore.
388 1850 536 1911 neminem
559 1852 607 1911 hic
631 1851 720 1911 alium
744 1869 833 1930 quam
856 1850 1054 1911 Alexandrum

41 1942 119 2016 regio
142 1943 272 2001 instratu
296 1947 418 2000 ornatus
446 1942 560 2018 recepit
582 1942 614 1999 in
638 1940 751 2018 sedem,
781 1939 852 2000 alias
875 1941 985 2017 passim
1008 1958 1053 1998 re-

42 2029 159 2104 cipiens.
200 2029 279 2090 idem
302 2031 333 2088 in
355 2027 477 2108 proeliis
501 2037 679 2088 memoratae
703 2027 858 2088 cuiusdam
879 2027 1055 2111 perhibetur

42 2134 144 2192 operae
150 2166 159 2199 ,
183 2116 352 2178 Thebarum
372 2119 591 2196 oppugnatione
606 2116 778 2176 vnlneratus
801 2117 832 2175 in
852 2115 940 2175 alium
959 2124 1054 2175 trans-

40 2206 81 2262 ire
96 2206 296 2266 Alexandrum
315 2224 376 2266 non
393 2223 509 2286 passus,
530 2205 621 2265 multa
640 2213 795 2284 praeterea
814 2203 949 2263 eiusdem
967 2201 1055 2282 modi,

40 2303 161 2372 propter
190 2313 265 2374 quae
294 2313 346 2354 rex
373 2293 514 2354 defuncto
543 2296 570 2353 ei
594 2292 678 2353 duxit
706 2294 862 2370 exsequias
890 2291 1054 2370 urbemque

42 2383 151 2443 tumulo
177 2382 375 2445 circumdedit
397 2385 516 2442 nomine
541 2385 613 2443 eius.
658 2400 713 2441 nec
737 2380 871 2440 Caesaris
894 2380 1108 2440 dictatorisloo

42 2487 219 2551 quemqnam
243 2471 332 2532 alium
355 2473 505 2549 recepisse
527 2470 616 2530 dorso
641 2489 736 2549 equus
759 2469 895 2550 traditur,
918 2469 1055 2546 idemque

42 2559 142 2620 similis
166 2561 306 2622 humanis
323 2559 415 2638 pedes
438 2561 554 2638 priores
573 2559 726 2640 habuisse,
749 2559 803 2618 hac
828 2559 924 2636 elligie
942 2555 1057 2617 locatus

42 2655 105 2707 ante
129 2649 255 2710 Veneris
284 2648 450 2708 Genetricis
478 2648 588 2708 aedem.
637 2649 709 2708 lecit
736 2655 766 2706 et
794 2646 878 2707 diuis
906 2646 1057 2725 Augustus

42 2753 115 2814 equo
132 2737 310 2818 tumulum,
342 2736 378 2796 de
407 2754 466 2814 quo
494 2737 661 2797 Germanici
689 2735 822 2795 Caesaris
853 2753 973 2794 carmen
1003 2741 1057 2794 est.

42 2825 193 2904 Agrigenti
222 2826 421 2904 complurium
449 2843 595 2904 equorum
618 2824 725 2885 tumuli
749 2822 917 2902 pyramides
940 2819 1057 2883 habent.

42 2930 150 2990 equum
181 2914 349 2974 adamatum
380 2933 395 2974 a
424 2913 615 2973 Samiramide
646 2931 741 2991 usqne
771 2915 802 2971 in
832 2914 944 2972 coitum
973 2910 1058 2972 lnba

42 3009 143 3062 auctor
177 3011 232 3064 est.
282 3002 412 3081 Scythici
445 3002 565 3080 quidem
597 3003 747 3079 equitatus
779 3017 925 3078 equorum
957 2999 1111 3078 gloriatae

43 3141 256 3150 --———--....--

112 3232 145 3278 10
166 3226 404 3280 33113331333132
433 3225 586 3308 aufesabyri
603 3229 683 3278 1133.
711 3225 865 3294 33133113.
947 3227 978 3276 11
997 3238 1059 3275 ner-

43 3311 107 3348 uum
125 3297 186 3348 1²²
173 3313 276 3352 caras
303 3315 390 3352 neruo
409 3297 484 3351 31333
499 3308 554 3351 rna
582 3312 739 3351 neruamr.
813 3301 846 3348 13
866 3292 1060 3348 adnoiauerim

43 3366 138 3422 F²a2d
163 3369 345 3423 -nouerimr.
402 3375 436 3422 14
454 3367 665 3436 Tarquiniusc
684 3383 734 3421 orn.
749 3367 777 3419 11.
805 3367 900 3420 malim
914 3369 978 3432 pact
997 3381 1060 3416 cum

42 3437 291 3494 3333333311
318 3441 500 3510 impressori
522 3455 555 3494 ex
574 3455 643 3494 corr.
672 3437 781 3490 -ssibd
816 3439 841 3504 t
854 3436 919 3489 XVI
944 3437 971 3488 11
1004 3436 1060 3486 ire-

43 3507 133 3563 deoim
150 3509 287 3566 Budaeus
304 3511 338 3565 de
356 3527 459 3578 accep
470 3515 536 3566 320
620 3516 654 3563 20
674 3509 816 3562 ornatui
845 3505 988 3560 ο33313ι

44 3584 75 3632 27
94 3581 228 3636 humanis
246 3581 328 3634 Filii.
357 3581 478 3636 hominis
497 3599 520 3635 r
593 3587 627 3634 30
646 3577 805 3648 pyramidas
824 3581 877 3628 331.
