2628 3950
483 152 690 206 PRAEFATIO
851 200 854 207 .
1023 175 1098 240 Xqfl

79 301 200 378 culpam
208 301 401 361 librariorum
410 302 502 361 medii
515 302 581 361 aevi
596 320 685 378 quam
699 303 738 360 ad
750 302 846 378 ipsius
861 303 1016 378 scriptoris
1031 319 1097 363 con-

80 390 271 450 suetudinem
289 389 477 450 referendam
494 409 569 450 esse.
601 391 752 450 liberrime
772 392 851 450 euim
868 393 901 450 in
917 392 974 450 hoc
992 409 1096 468 campo
1127 395 1130 402 '

81 479 274 538 librariorum
304 480 368 538 sire
396 480 622 556 neglegentiam
652 481 715 540 sive
743 481 895 540 licentiam
925 483 1098 556 grassatam

81 585 147 627 esse
175 585 243 626 cum
270 568 521 643 frequentissimis
549 568 688 644 vestIgiis
715 570 748 627 in
773 569 990 629 recentioribus
1019 569 1097 628 codi-

79 656 175 733 cibus,
197 657 264 714 tum
287 655 395 716 codicis
418 656 559 732 rescripti
580 657 612 715 M
635 659 815 718 auctoritate
839 659 1023 735 coarguitur,
1046 657 1097 733 qui

81 763 262 820 quamquam
275 745 341 821 ipse
356 764 473 821 quoque
487 747 688 805 inconstantia
701 747 830 826 quadam
844 748 973 822 laborat,
991 749 1096 806 rectio·

80 853 146 893 rem
167 836 270 892 temen
294 833 444 893 scribendi
471 835 619 894 ratIonem
646 836 821 911 plerumque
849 837 978 896 exhibet.
1023 837 1097 895 haec

80 923 177 998 igitur
205 922 400 982 librariorum
430 925 597 982 commenta
625 941 685 983 non
714 925 789 999 puto
819 925 851 982 in
880 926 936 984 tali
966 923 1095 984 editione

80 1011 252 1086 quaerenda
275 1029 341 1070 esse
363 1029 460 1086 neque
487 1011 669 1086 peculiarem
695 1011 787 1070 Plinii
814 1013 851 1072 de
879 1011 1098 1089 orthographia

80 1100 249 1158 doctrinam
263 1117 298 1158 ex
312 1117 348 1158 ea
362 1101 563 1175 repetendam,
584 1101 663 1176 quod
676 1104 838 1177 utrumque
852 1103 903 1177 qui
918 1119 1096 1178 cognoscere

80 1189 163 1248 volet
186 1189 293 1248 melius
317 1189 476 1264 aptiusque
500 1207 536 1248 ex
557 1190 632 1264 ipsis
657 1189 807 1249 codicibus
831 1191 880 1250 vel
903 1209 939 1248 ex
962 1190 1097 1249 codicum

80 1277 265 1354 apographis
280 1281 449 1354 cognoscet,
469 1279 557 1354 quale
576 1281 624 1338 est
637 1277 737 1338 Monoi
755 1278 788 1338 in
802 1278 977 1356 Silligianae
992 1279 1096 1338 editio-

79 1367 128 1424 nis
146 1366 298 1426 volumIne
318 1369 410 1426 sexto.
448 1385 522 1442 quas
542 1368 580 1427 ob
605 1385 710 1427 causas
732 1369 765 1426 in
782 1369 958 1428 universum
976 1365 1097 1443 quidem

79 1454 249 1514 Detlefseni
268 1457 438 1530 exemplum
457 1458 577 1515 secutus
602 1475 676 1532 rum,
700 1457 841 1533 quoniam
864 1455 1097 1534 diligentissime

79 1543 197 1600 codices
221 1545 364 1620 excussit3
392 1545 472 1604 certe
494 1545 527 1603 in
549 1545 615 1604 Iani
638 1546 862 1622 collationibus,
886 1545 994 1622 quibus
1023 1563 1096 1604 usus

82 1647 158 1706 sum,
177 1649 253 1706 quae
273 1631 311 1690 ad
329 1633 577 1709 orthographiam
595 1635 766 1710 pertineant
784 1653 935 1711 perpauca
953 1635 1097 1695 adnotata

81 1721 163 1781 sunt.
208 1719 450 1796 sedlegentium
473 1723 679 1782 commoditati
697 1724 803 1798 putavi
827 1723 958 1782 dandum
982 1722 1096 1798 aliquid

80 1826 147 1868 esse
168 1809 202 1868 et
224 1809 342 1883 curavi,
369 1827 406 1868 ne
429 1811 579 1888 ambiguis
602 1813 707 1872 formis
737 1813 914 1873 elocutionis
942 1811 1097 1870 Plinianae

79 1897 276 1958 difficultates
295 1901 479 1975 augerentur
496 1919 573 1960 neve
590 1899 717 1960 fortuita
740 1903 772 1960 et
794 1901 926 1961 absurda
949 1899 1099 1960 scribendi

78 1987 297 2063 inaequalitate
315 1988 483 2063 legentium
502 1989 580 2047 oculi
600 1989 830 2048 offenderentur.
866 1991 969 2064 itaque
986 1988 1098 2048 Plinia-

79 2093 137 2134 nae
157 2076 392 2152 orthographiae
411 2077 568 2151 reliquias,
592 2077 688 2135 sicubi
705 2077 784 2136 forte
803 2079 924 2136 exstant
941 2078 974 2135 in
992 2077 1098 2137 codici-

78 2164 152 2237 bus,
179 2182 240 2223 non
267 2165 403 2224 dubitavi
431 2164 595 2241 corrigere,
625 2165 710 2223 velut
737 2169 862 2241 quartae
890 2165 1097 2224 declinationis

80 2251 325 2311 terminationem
337 2246 441 2334 011311),
458 2254 567 2312 tertiae
582 2253 791 2313 declinationis
806 2253 992 2313 accusativos
1008 2254 1098 2329 atque

80 2341 174 2400 etiam
191 2340 392 2400 nominativos
411 2343 538 2418 pluralia
556 2343 588 2400 in
605 2345 633 2402 ts
651 2344 803 2418 exeuntes,
826 2343 961 2403 vocalem
978 2360 995 2401 o
1012 2361 1098 2418 prae-

79 2429 205 2489 cedente
226 2448 248 2489 u
270 2429 302 2488 in
325 2431 419 2499 dicos,
443 2447 536 2504 equos,
559 2433 669 2498 circat,
692 2433 789 2506 volpes
816 2431 984 2506 ceterisque
1010 2449 1096 2490 voca-

80 2519 170 2594 bulis,
185 2519 439 2594 superlativorum
453 2520 696 2579 terminationem
709 2539 803 2594 maus,
819 2521 879 2578 elia
893 2520 956 2580 eius
967 2519 1096 2596 generis.

80 2606 136 2666 sed
154 2607 332 2683 ubicumque
350 2610 477 2684 propter
495 2609 630 2669 criticam
648 2608 859 2670 difficultatem
881 2627 1003 2668 necesse
1022 2610 1098 2682 erat,

77 2713 118 2756 ne
150 2696 233 2755 certe
263 2695 415 2755 iudicandi
446 2697 575 2756 facultas
608 2697 782 2773 tolleretur,
819 2699 852 2756 in
884 2698 1097 2757 commentario

78 2786 229 2862 librorum
247 2783 428 2860 scripturam
446 2785 665 2862 discrepantem
684 2787 835 2846 adnotavi.
871 2787 903 2844 in
922 2787 989 2846 aliis
1012 2805 1099 2846 vcca-

78 2875 160 2934 bulis
189 2873 353 2933 scribendis
381 2874 535 2950 amplexus
564 2893 630 2934 sum
659 2894 748 2934 usum
778 2867 1019 2956 communem**)
1048 2876 1099 2934 vel

152 3096 177 3166 ³¹⁶)
196 3095 373 3152 Detlefsenus
387 3097 461 3152 hanc
478 3081 706 3153 terminationem
725 3097 837 3168 scripsit
853 3097 894 3152 ibi
911 3099 1030 3165 tantum,
1049 3098 1100 3152 ubi

80 3168 210 3224 codicum
229 3167 338 3222 librarii
356 3167 528 3238 scripserunt
545 3169 641 3223 autin
660 3169 813 3240 archetypo
835 3169 937 3240 legisse
953 3167 1098 3236 uidentur,

80 3240 165 3307 idque
184 3239 271 3294 etiam
292 3239 323 3293 in
344 3239 445 3294 tertiae
468 3239 664 3296 declinationis
685 3240 843 3308 vocabulis,
866 3242 899 3294 ut
920 3240 1029 3294 cincus
1046 3239 1100 3293 VII

84 3315 143 3376 106,
161 3311 258 3365 saluas
275 3311 328 3364 VII
348 3316 408 3365 121.
438 3311 585 3366 numerari
602 3311 633 3365 in
650 3309 722 3366 libro
745 3313 794 3366 VII
811 3312 890 3367 locos
910 3317 952 3378 17,
970 3310 1037 3364 VIII
1056 3316 1100 3378 13,

82 3379 109 3432 X
128 3386 174 3447 13,
198 3379 238 3434 XI
256 3387 304 3450 23,
327 3381 381 3436 XII
399 3389 415 3438 6
439 3382 499 3450 (sed
517 3387 532 3448 5
552 3387 602 3436 108
625 3383 715 3438 sitam
737 3383 905 3452 contrait),
932 3381 973 3434 IX
989 3381 1101 3436 nullum

82 3451 185 3506 locum.
219 3453 251 3507 in
268 3453 370 3508 ceteris
388 3452 468 3520 libris
484 3470 542 3508 non
559 3453 712 3509 numeravi.

154 3521 195 3592 ’ἢ
213 3523 328 3580 Praeter
341 3523 537 3594 necessitatem
551 3524 710 3580 ffiscessisse
724 3541 770 3578 me
784 3539 802 3578 a
815 3524 943 3580 codicum
962 3521 1103 3592 scriptura

81 3593 180 3649 fateor
186 3595 239 3650 buc
256 3595 425 3651 scribentem
442 3613 493 3666 pro
511 3597 560 3651 bec
574 3594 600 3648 X
615 3601 674 3651 131.
694 3596 733 3650 XI
748 3601 807 3649 let.
827 3599 887 3649 138.
906 3593 971 3649 XIV
986 3599 1045 3660 140,
1064 3592 1101 3646 de

136 3693 205 3734 Pam.
218 3703 274 3734 aar.
289 3703 352 3736 mer.
379 3695 412 3736 11.
867 3683 886 3736 b
