2636 3952
365 116 449 171 ΝΑΤ.
468 115 560 170 Hier.
579 113 619 167 xi
638 119 743 168 11-14
762 117 888 185 (10-14)
1070 117 1138 182 217

122 273 281 344 corruptus
296 265 370 326 etin
384 265 456 324 alvis
470 270 638 325 maceratus
652 265 821 342 totiensque
841 272 982 347 mutatae,
1000 283 1136 346 magnam

121 360 221 413 tamen
244 353 380 414 caelestis
404 360 526 413 naturae
549 351 730 430 voluptatem
754 353 858 414 adfert.

191 435 247 504 13.
273 435 347 524 (13)
374 441 419 502 lbi
442 443 573 520 optimus
595 458 713 520 semper
735 440 788 501 ubi
811 443 992 522 optimorum
1019 442 1135 506 doliolis
1154 451 1193 500 32

120 529 229 590 tiorum
248 530 394 591 conditur.
433 529 546 590 Atticae
564 519 706 608 regionis
718 529 775 590 hoc
799 539 829 591 et
848 530 973 613 Siculae,
996 531 1135 612 Hymetto

92 627 151 679 δεῖ
174 617 267 698 Hybla
290 638 306 679 a
332 619 420 700 locis,
447 636 516 678 mox
543 617 671 698 Calydna
698 618 803 679 insula.
850 628 896 680 est
923 628 1022 680 autem
1049 624 1135 682 initio

119 707 179 768 mel
201 714 239 768 ut·
262 725 338 786 aqua
367 707 508 787 dilutum,
531 713 563 768 et
588 708 693 786 primis
721 706 827 768 diebus
854 707 1011 772 fervetut
1038 718 1136 772 musta

5 823 6 836 κ
119 813 212 874 seque
241 803 364 878 purgat,
398 798 560 856 uicensimo
591 796 639 856 die
670 798 843 876 crassescit,
877 814 945 856 mox
976 795 1135 860 obducitur

119 887 203 945 tenui
233 884 404 946 membrana
436 901 510 963 quae
541 885 677 958 lervoris
698 886 792 964 ipsius
823 902 929 963 spuma
959 890 1134 948 concrescit.

120 971 258 1033 sorbetur
281 976 427 1052 optimum
450 980 480 1034 et
502 975 623 1034 minime
647 973 752 1033 fronde
775 973 919 1034 iniectum
951 991 967 1033 e
996 991 1135 1057 quercum,

78 1071 105 1112 10
120 1061 208 1142 tiliae,
231 1061 432 1122 harundinum
455 1061 542 1122 loliis

188 1144 245 1212 14.
277 1145 351 1233 (14)
385 1149 507 1210 Summa
537 1149 658 1228 quidem
687 1148 828 1210 bonitatis
858 1152 978 1210 natione
1008 1158 1132 1234 constat,
1152 1166 1190 1215 33

118 1246 153 1299 ut
175 1257 266 1318 supra
288 1239 433 1319 diximus,
455 1237 593 1317 pluribus
616 1238 720 1299 modis.
766 1238 857 1299 aliubi
880 1241 960 1299 enim
983 1239 1041 1298 favi
1065 1256 1133 1300 cera
1148 1259 1174 1299 as

119 1326 297 1407 spectabiles
320 1329 492 1409 gignuntur,
514 1333 548 1387 ut
571 1328 602 1386 in
626 1326 734 1408 Sicilia,
757 1326 914 1408 Paelignis
937 1326 1028 1388 aliubi
1050 1331 1134 1407 copia

119 1415 222 1496 medie,
245 1423 279 1476 ut
301 1418 333 1476 in
356 1415 457 1497 Creta,
480 1414 590 1496 Cypro,
612 1415 724 1497 Africa,
748 1414 838 1476 aliubi
861 1416 1078 1497 magnitudine,
1101 1424 1136 1478 ut

2 1557 3 1560 ,
76 1515 103 1556 1⁵
118 1507 149 1565 in
177 1503 473 1586 septentrionalibus,
502 1507 565 1564 viso
592 1507 651 1564 iarn
679 1505 710 1564 in
739 1504 896 1564 Germania
925 1511 994 1565 octo
1023 1505 1134 1584 pedum

118 1593 311 1672 longitudinis
344 1594 409 1654 savo
441 1595 472 1653 in
505 1611 577 1654 cava
608 1601 693 1675 parte
726 1595 820 1672 nigro.
879 1595 910 1653 in
943 1612 1132 1673 quocumque
1151 1599 1192 1648 34

1 1687 2 1694 ’
118 1689 217 1742 tamen
240 1689 337 1743 tractu
361 1689 447 1743 terna
470 1689 541 1743 sunt
563 1699 672 1761 genera
695 1681 800 1743 mellis.
845 1699 971 1743 vernum
994 1701 1031 1743 ex
1054 1682 1132 1743 flori·

119 1769 175 1830 bus
204 1778 376 1832 constructo
408 1771 487 1851 savo,
519 1770 599 1849 quod
622 1770 689 1831 ideo
712 1778 835 1831 vocatur
867 1771 1031 1832 antbinum.
1076 1770 1133 1831 hoc

119 1859 238 1940 (puidam
256 1862 362 1938 attingi
380 1866 490 1939 vetant,
513 1867 547 1919 ut
570 1858 651 1938 largo
676 1858 815 1919 alimento
838 1859 932 1920 valida
956 1867 1041 1919 exeat
1064 1859 1133 1919 sub·

78 1959 106 1999 ²0
120 1947 192 2008 oles.
245 1947 293 2008 alli
323 1967 359 2008 ex
389 1947 471 2008 nullo
501 1948 601 2007 minus
631 1947 736 2025 apibus
766 1947 958 2026 relinquunt,
993 1949 1134 2025 quoniam

120 2053 226 2114 magna
245 2043 387 2114 sequatur
410 2034 533 2095 ubertas
556 2052 732 2113 magnorum
754 2034 896 2094 siderum·
910 2042 1026 2115 exortu,
1048 2052 1133 2114 prae·

9 2159 11 2162 -
119 2131 202 2183 terea
220 2123 356 2203 solstitio,
380 2140 448 2182 cum
467 2122 601 2200 thymum
621 2129 650 2182 et
669 2140 725 2182 uva
742 2120 851 2181 llorere
869 2124 1026 2204 incipiunt,
1049 2141 1132 2201 prae-

119 2213 207 2290 cipua
239 2210 380 2271 cellarum
411 2212 543 2270 materia.
594 2218 640 2270 est
671 2216 770 2269 autem
801 2211 832 2269 in
865 2210 1029 2298 eximendis
1061 2212 1134 2272 favis
1152 2215 1190 2266 35

119 2301 287 2360 necessaria
309 2300 500 2380 dispensatio,
524 2300 664 2376 quoniam
685 2300 784 2378 inopia
808 2297 866 2358 cibi
891 2298 1049 2378 desperant
1072 2317 1133 2360 mo-

76 2399 104 2439 25
119 2390 298 2467 riunturque
326 2395 377 2450 aut
404 2388 576 2468 dillugiunt,
609 2394 713 2448 contra
743 2389 827 2465 copia
856 2389 1002 2466 ignaviam
1029 2388 1134 2468 adiert,

119 2495 152 2538 ac
171 2479 230 2538 iam
249 2476 346 2558 melle,
369 2494 429 2537 non
453 2475 592 2556 erithace,
615 2483 788 2556 pascuntur.
835 2494 906 2555 ergo
929 2475 1134 2556 diligentiores

118 2584 154 2628 ex
187 2566 243 2627 hac
278 2567 426 2627 vindemia
458 2579 507 2626 xv
538 2573 654 2643 partem
690 2563 795 2643 apibus
831 2564 1015 2642 relinquunt,
1069 2566 1133 2627 dies

118 2662 213 2716 status
236 2654 433 2734 inchoandae,
460 2661 494 2716 ut
517 2653 643 2732 quedam
665 2652 731 2732 lege
759 2661 896 2735 naturae,
924 2656 950 2714 si
977 2657 1054 2716 scire
1083 2651 1142 2716 aut

118 2742 277 2804 observare
296 2743 433 2803 homines
451 2741 568 2824 vellent,
591 2745 783 2804 tricensimus
806 2741 842 2802 ab
861 2741 969 2803 educto
988 2746 1133 2824 examine,

75 2844 104 2885 ao
119 2832 242 2910 iereque
265 2831 342 2891 Maio
365 2849 467 2892 mense
490 2829 654 2892 includitur
676 2830 750 2892 haec
773 2830 928 2891 vindemia.

35 2917 47 2938 ⁶
109 2957 110 2962 κ
185 2919 319 2980 Alterum
341 2938 435 2998 genus
464 2927 510 2980 est
537 2919 633 2980 mellis
660 2921 778 3000 aestivi,
806 2919 883 2999 quod
913 2920 979 2980 ideo
1008 2928 1130 2981 vocatur
1150 2925 1186 2975 36

118 3007 249 3068 horaeon
281 3027 298 3068 a
329 3009 559 3088 tempestivitate
591 3010 764 3088 praecipua,
796 3010 861 3087 ipso
895 3011 967 3069 sirio
1000 3009 1133 3089 exsplen-

117 3095 258 3157 descente
280 3104 349 3176 post
371 3097 531 3158 solstitium
554 3096 660 3158 diebus
682 3111 757 3158 xxx
780 3097 852 3157 lere.
897 3099 1032 3157 inmensa
1055 3099 1134 3157 circa

191 3302 254 3356 lin
272 3303 343 3358 aluis
361 3303 436 3359 Dect.
463 3303 567 3358 aluinis
585 3306 659 3356 bad.
687 3302 742 3356 -uis
760 3307 792 3357 B.
820 3302 890 3357 -ueit
908 3318 933 3356 o.
1010 3304 1076 3356 leb
1094 3300 1134 3353 Si-

117 3373 199 3428 cnlne
217 3390 242 3428 a.
271 3377 315 3429 est
332 3375 384 3429 sic·
403 3374 431 3429 it.
513 3377 637 3428 bend.
666 3373 702 3427 ah
719 3378 793 3427 Deo.
875 3373 967 3427 dmel
984 3374 1134 3426 utiliter.

6 3471 10 3481 ·
115 3443 503 3512 uelutt¹1¹‚sortaaaerecte.
531 3443 561 3497 (1ῃ
579 3445 643 3498 odd.
662 3443 727 3498 mel.
806 3449 839 3498 10
858 3441 937 3496 tiliae
952 3447 997 3495 do.
1028 3442 1087 3496 filio
1106 3442 1136 3494 et
1251 3447 1253 3452 '

115 3515 161 3568 2².
188 3516 264 3570 filiae
277 3533 301 3570 r.
376 3523 409 3572 16
428 3531 499 3570 eave
515 3531 541 3569 o.
569 3530 634 3569 -uae
652 3518 677 3568 d.
706 3530 752 3569 -ue
770 3530 793 3570 r.
811 3515 815 3581 Ι
830 3513 911 3594 nigro
924 3529 949 3566 o.
978 3530 1021 3566 -aa
1034 3513 1062 3567 lt.

116 3590 152 3639 22
172 3586 292 3641 solstitio
308 3591 353 3642 do.
382 3586 459 3642 soliti
476 3603 499 3641 r.
572 3589 607 3640 29
625 3585 734 3639 uellent
750 3589 786 3636 Ι.
813 3583 904 3637 uelint
920 3597 965 3638 ro.
