2620 3948
363 120 447 173 ΝΑΤ.
467 120 559 174 insu.
578 121 643 178 Vlfl
662 127 731 175 a-r
752 125 841 191 (s-r)
1067 127 1109 189 59

746 209 761 226 h

81 269 242 328 consertis
265 267 420 329 ordinibus
443 270 624 347 inposuerat.
665 269 810 330 Verrius
834 290 885 332 eos
907 291 1056 352 pugnasse
1079 279 1110 338 in
1130 283 1162 330 17

81 359 173 416 circo
202 357 437 435 interfectosque
465 357 568 418 iaculis
595 358 686 420 tradit
707 362 851 439 paenuria
878 362 1007 443 consilii,
1037 383 1108 442 quo·

79 447 172 506 niam
196 463 293 524 neque
317 445 355 506 ali
376 445 537 525 placuisset
559 464 657 525 neque
680 447 784 508 donari
807 448 941 531 regibus,
971 449 1003 512 L.
1026 452 1109 514 Piso

81 534 231 596 inductos
252 535 404 596 dumtaxat
426 537 458 595 in
480 536 594 596 circum
618 544 716 617 atque,
738 545 773 597 ut
795 544 984 618 contemptus
1005 559 1109 604 eorum

52 623 285 704 sineresccret,
308 623 344 684 ab
367 626 511 703 operariis
534 623 633 684 hastas
655 618 832 704 praepilatas
854 625 1032 690 habentibus
1054 650 1109 710 per

83 713 207 772 circum
239 719 336 772 totum
372 719 462 773 actos.
518 729 573 772 nee
611 713 683 791 quid
714 712 820 774 deinde
857 717 893 776 iis
926 717 1037 778 iactum
1070 721 1109 780 sit
1179 766 1183 772 .

83 807 231 860 auctores
254 800 401 880 explicant
424 803 476 880 qui
498 819 558 862 non
580 809 687 880 putant
708 803 891 864 interlectos.

160 883 194 951 7.
219 882 270 972 (7)
302 888 386 950 Clara
409 897 455 950 est
477 891 567 950 unius
590 908 606 950 e
629 889 770 951 Romanis
794 891 943 952 dimicatio
966 894 1107 956 adversus
1128 899 1160 947 18

84 977 291 1059 elephantum,
315 997 383 1041 cum
401 977 547 1039 Hannibal
570 981 701 1058 captivos
722 987 842 1041 nostros
865 980 1006 1041 dimicare
1029 985 1108 1044 inter

42 1086 70 1124 ro
85 1084 158 1126 sese
178 1069 341 1145 coegisset.
387 1085 514 1146 nemque
543 1086 637 1128 unum
661 1069 712 1145 qui
735 1077 891 1146 supererat
917 1067 1027 1130 obiecit
1050 1072 1107 1131 ele-

35 1182 38 1190 ·
85 1155 216 1236 phanto,
243 1162 279 1228 et
305 1155 354 1216 ille
382 1155 491 1216 dimitti
517 1164 636 1237 paetus,
668 1158 694 1215 si
720 1159 935 1236 interemisset,
968 1158 1049 1220 solus
1076 1163 1107 1222 in

85 1243 203 1304 harena
225 1262 404 1323 congressus
420 1263 528 1324 magno
546 1244 717 1306 Poenorum
739 1245 840 1306 dolore
860 1247 997 1309 coniecit.
1029 1246 1107 1309 Han-

86 1331 184 1414 nibal,
208 1352 276 1394 cum
294 1333 401 1394 lamam
419 1335 484 1393 eius
502 1333 699 1394 dimicationis
722 1341 926 1414 contemptum
945 1335 1107 1398 adlaturam

86 1419 187 1481 beluis
205 1421 400 1502 intellegeret,
420 1425 536 1501 equites
554 1424 636 1484 misit
649 1425 701 1502 qui
720 1423 878 1484 abeuntem
894 1425 1107 1488 interficerent.

19 1508 73 1568 '15
87 1508 300 1589 proboscidem
329 1529 433 1572 eorum
464 1510 600 1570 facillime
632 1515 780 1590 amputari
808 1511 895 1591 Pyrri
923 1513 1106 1592 proeliorum

89 1601 303 1678 experimentis
325 1602 429 1678 patuit
475 1599 585 1659 Romae
613 1618 760 1678 pugnasse
784 1599 990 1662 Fenestella
1015 1603 1106 1663 tradit
1126 1606 1159 1656 19

89 1689 221 1766 primum
243 1689 376 1749 omnium
402 1689 434 1747 in
457 1691 538 1748 circo
562 1687 665 1750 Claudi
687 1688 809 1750 Pulchri
836 1689 985 1750 aedilitate
1008 1691 1106 1752 curuli

89 1775 127 1836 M.
147 1777 273 1838 Antonio
297 1777 328 1836 Α.
347 1776 500 1836 Postumio
524 1795 583 1837 cos.
607 1795 685 1838 anno
709 1777 793 1838 urbis
816 1790 920 1859 Dcnv,
943 1781 1015 1838 item
1038 1788 1106 1858 post

91 1883 184 1925 annos
207 1867 310 1946 viginti
326 1865 519 1926 Lucullorum
541 1866 690 1927 aedilitate
714 1866 811 1928 curuli
834 1866 976 1929 adversus
994 1875 1105 1928 tauros,

50 1973 77 2010 eo
91 1952 213 2032 Pompei
232 1972 350 2033 quoque
369 1954 462 2014 altero
482 1954 647 2034 consulatu,
666 1954 850 2016 dedicatione
865 1955 968 2035 templi
981 1955 1105 2016 Veneris
1125 1961 1158 2007 20

91 2039 236 2124 Victricis,
254 2044 358 2122 viginti
374 2061 543 2123 pugnavere
562 2045 593 2103 in
613 2045 692 2103 circo
712 2051 771 2125 aut,
790 2051 823 2104 ut
842 2043 961 2121 quidam
975 2043 1105 2124 tradunt,

92 2128 194 2208 xv1'11,
218 2130 349 2192 Gaetulis
372 2151 409 2195 ex
432 2131 556 2193 adverso
574 2131 781 2213 iaculantibus,
803 2130 931 2192 mirabili
954 2134 1043 2192 unius
1062 2133 1104 2193 di-

92 2221 257 2301 micatione,
280 2223 332 2299 quui
348 2219 475 2299 pedihus
494 2221 639 2281 confossis
657 2223 752 2300 repsit
770 2218 895 2300 genibus
913 2222 944 2280 in
963 2226 1105 2301 catervas,

93 2307 214 2388 abrepta
236 2315 321 2370 scuta
341 2311 451 2370 iaciens
474 2312 505 2370 in
524 2308 660 2390 sublime,
683 2327 758 2389 quae
778 2308 944 2369 decidentia
962 2307 1105 2387 voluptati

55 2397 295 2476 respectantibus
322 2406 407 2458 erant
433 2400 463 2458 in
487 2397 601 2460 orhem'
614 2401 805 2478 circumacta,
835 2396 916 2457 velut
938 2404 1015 2477 arte,
1045 2415 1105 2457 non

95 2486 193 2546 lurore
211 2486 316 2548 beluae
340 2488 517 2548 iacerentur.
548 2505 687 2566 magnum
711 2494 741 2547 et
763 2489 795 2546 in
813 2486 906 2546 altero
929 2485 1106 2546 miraculum

95 2575 149 2635 luit
170 2593 231 2636 uno
252 2578 315 2637 ictu
338 2577 451 2656 occiso,
480 2575 574 2656 pilum
597 2583 696 2638 autem
724 2575 780 2636 suh
804 2574 890 2634 oculo
914 2573 1051 2635 adactum
1073 2577 1105 2634 in

94 2663 189 2725 vitalia
218 2665 324 2746 capitis
352 2671 481 2726 venerat.
535 2666 667 2726 universi
696 2666 884 2744 eruptionem
913 2671 1105 2743 temptavere,
1123 2668 1156 2716 21

54 2790 58 2806 ι
96 2770 152 2814 non
182 2755 245 2814 sine
275 2755 429 2816 vexatione
457 2750 573 2834 populi,
605 2752 796 2814 circumdatis
824 2751 962 2812 claustris
990 2751 1104 2812 ferreis.

60 2859 84 2900 ao
97 2860 152 2921 qua
178 2843 213 2904 de
241 2861 331 2904 causa
357 2841 464 2903 Caesar
492 2842 618 2904 dictator
644 2849 748 2921 postea
778 2841 875 2908 simile
903 2840 1106 2920 spectaculum

97 2931 227 2992 editurus
250 2932 362 3009 euripis
380 2930 521 2992 harenam
538 2930 749 3012 circumdedIt,
772 2948 847 3009 quos
862 2929 945 2990 ‘Nero
965 2931 1105 3007 princeps

97 3019 212 3080 sustulit
239 3021 333 3099 equiti
360 3019 424 3079 loca
451 3018 571 3080 addens.
617 3019 670 3079 sed
692 3018 865 3098 Pompeiani
889 3019 997 3078 amissa
1018 3017 1105 3095 fugae

98 3126 146 3186 spe
164 3108 397 3169 misericordiam
414 3107 493 3186 vulgi
511 3105 703 3168 inenarrabili
717 3106 819 3168 habitu
839 3113 1017 3185 quaerentes
1036 3123 1105 3184 sup-

164 3313 324 3370 aindootos
341 3317 394 3368 Ed.
474 3314 573 3368 tacto
590 3319 621 3366 B.
652 3315 656 3380 1
685 3315 801 3382 pactum
818 3316 870 3365 aa.
949 3317 983 3366 14
1002 3311 1104 3364 obeun-

99 3387 151 3439 tem
167 3384 245 3438 ΒΨ.
270 3387 384 3438 euntem
401 3386 439 3438 11¹.
496 3389 528 3438 18
548 3382 645 3438 DCLV
657 3401 682 3439 o.
706 3383 790 3438 CLVI
803 3387 834 3436 n.
859 3382 930 3436 dnn
948 3385 972 3434 d.
997 3379 1067 3436 CLV
1081 3398 1105 3434 r.

164 3461 196 3510 22
220 3455 312 3510 XVIII
335 3456 412 3510 Piot.
432 3472 445 3510 e
463 3455 526 3509 Son.
545 3456 578 3510 de
596 3455 666 3509 hreo.
685 3456 732 3508 eit.
751 3459 795 3520 13,
810 3457 835 3506 6.
868 3451 946 3506 XVII
965 3453 993 3504 ll.
1070 3457 1104 3504 2⁷

10 3570 13 3578 ,
67 3582 76 3595 ,
99 3526 152 3582 ictu
163 3525 238 3580 ΙΨ,
258 3543 307 3580 om.
321 3543 344 3581 r.
361 3528 366 3596 1
382 3526 514 3581 adactum
529 3543 579 3581 om.
593 3531 625 3578 R.
680 3531 714 3578 29
734 3524 863 3578 claustris
877 3523 915 3578 ιθ.
939 3521 1048 3576 clastris
1062 3521 1104 3572 1¹⁹.

100 3614 144 3652 orn.
162 3614 183 3650 r.
204 3599 208 3667 t
227 3596 324 3652 ferreis
342 3597 417 3652 Fici.
441 3614 492 3652 oua
511 3615 533 3651 r.
