2628 3950
331 133 415 188 nau.
434 133 526 189 Risu.
545 133 598 187 vn
616 139 721 190 ss-aa
741 137 868 205 (sa-57)
1063 135 1106 200 42

74 281 291 343 Anticlides
314 283 346 342 in
364 281 495 362 Aegypto
518 283 666 342 invenisse
686 285 833 362 quendam
853 288 970 346 nomine
990 285 1097 348 Menan
1109 296 1161 343 193

73 371 192 452 tradit,
215 369 267 436 XV
285 388 431 432 annorum
450 377 517 432 ante
535 370 692 432 Phoronea
709 375 948 452 antiquissimum
967 373 1105 436 Graeciae

75 475 204 540 regem,
233 460 323 539 idque
351 462 552 520 monumentis
580 459 743 539 adprobare
769 471 901 524 conatur.
948 463 1105 524 ediverso

75 546 268 628 Epigenes
288 548 366 627 apud
383 546 559 627 Babylonios
577 547 701 614 nonni
718 557 865 611 annorum
882 551 1105 613 observationes

45 637 222 697 asidcrum
243 636 399 700 coctilibus
418 634 569 698 laterculis
587 639 745 716 inscriptas
764 639 863 723 docet,
886 643 982 719 gravis
1001 649 1105 702 auctor

77 728 114 786 in
154 727 274 807 primis,
312 727 363 804 qui
399 727 567 806 minimum,
603 725 760 787 Berosus
797 736 827 788 et
864 728 1105 811 Critodemus,

78 813 235 896 (ῑῧῑῧῖῑ,
258 833 294 875 ex
318 832 377 893 quo
400 821 522 894 apparet
540 821 680 875 aeternus
698 815 865 877 htterarum
888 835 969 878 usus.
1000 821 1033 878 in
1051 817 1104 879 La·

78 904 163 964 tium
187 921 237 963 eas
260 903 425 964 attulerunt
447 902 571 982 Pelasgi.

153 990 321 1054 Laterarias
348 1010 382 1052 ao
405 992 508 1052 domos
536 994 758 1053 constituerunt
779 995 868 1072 primi
891 991 1037 1074 Euryalus
1065 1005 1095 1058 et
1107 1005 1159 1053 194

34 1095 64 1134 ro
78 1078 256 1160 Hyperbius
274 1081 383 1141 iratres
397 1079 528 1141 Athenis
553 1087 640 1140 antea
658 1099 767 1160 specus
785 1090 870 1142 erant
887 1101 943 1161 pro
958 1082 1104 1146 domibus.

80 1169 203 1229 Gellio
230 1169 342 1230 Toxius
370 1168 449 1230 Caeli
476 1168 555 1230 libus
581 1169 655 1230 lutei
682 1171 808 1230 aedilicii
834 1172 973 1232 inventor
998 1172 1103 1254 placet,

81 1258 222 1338 exemplo
250 1266 368 1337 sumpto
396 1256 432 1318 ab
455 1257 649 1319 hirundinum
676 1259 763 1320 nidis.
808 1260 950 1339 oppidum
974 1260 1103 1341 Cecrops

82 1364 100 1406 a
125 1365 158 1408 se
183 1347 338 1426 appellavit
357 1346 531 1426 Cecropiam
553 1365 628 1425 quae
652 1365 732 1408 nunc
756 1355 801 1409 est
821 1367 872 1408 arx
890 1349 1022 1410 Athenis.
1053 1351 1103 1410 ali-

83 1437 138 1514 qui
156 1434 251 1514 Argos
274 1435 466 1496 aPhoronco
489 1453 559 1514 rege
583 1443 651 1496 ante
674 1437 827 1498 conditum
844 1437 960 1520 volunt,
984 1439 1103 1518 quidam

39 1537 67 1577 15
83 1531 115 1584 ct
131 1523 302 1605 Sicyonem,
320 1525 456 1603 Aegyptii
469 1543 539 1584 vero
558 1523 652 1585 multo
671 1533 739 1586 ante
754 1525 831 1605 apud
845 1528 927 1607 ipsos
942 1526 1102 1608 Diospolin.

82 1613 201 1692 tegulas
233 1615 346 1674 invenit
376 1612 483 1691 Cinyra
512 1613 657 1693 Agriopae
687 1614 765 1675 iilius
797 1622 827 1675 et
857 1615 975 1677 metalla
1007 1620 1093 1698 aeris,
1105 1625 1155 1673 195

83 1709 247 1781 utrumque
283 1704 315 1762 iu
351 1700 448 1762 insula
485 1700 595 1783 Cypro,
631 1705 704 1762 item
740 1705 896 1785 forcipem,
933 1705 1102 1786 mantulum,

84 1797 214 1872 vectem,
237 1789 389 1870 incudem3
421 1799 529 1870 puteos
552 1790 669 1851 Danaus
692 1811 728 1851 er
751 1791 883 1871 Aegypto
907 1793 1047 1856 advectus
1070 1797 1100 1855 in

85 1877 239 1940 Graeciam
256 1897 330 1958 quae
345 1878 505 1940 vocabatur
519 1878 613 1958 Argos
628 1878 763 1960 Dipsion,
786 1880 958 1959 lapicidinas
974 1881 1101 1943 Cadmus

43 1983 71 2022 ao
86 1966 209 2049 Thebis,
232 1976 283 2029 aut
301 1976 335 2028 nt
354 1967 626 2046 Theophrastus
648 1970 680 2028 in
698 1967 860 2050 Phoenice,
884 1969 1018 2030 Thrason
1037 1990 1100 2033 mu·

86 2073 151 2138 roo,
172 2065 272 2118 turres
295 2065 329 2118 ut
347 2055 566 2117 Aristoteles
585 2055 740 2136 Cyclopes,
764 2057 911 2136 Tirynthii
934 2066 968 2119 ut
987 2059 1099 2126 Theo·

85 2144 270 2226 phrastus3
294 2145 428 2225 Aegyptii
450 2145 576 2225 textilia,
598 2145 721 2204 iniicere
744 2145 825 2205 lanas
847 2145 991 2207 Sardibus
1010 2146 1091 2228 Lydi,
1104 2155 1154 2204 196

86 2235 168 2294 iosos
194 2237 226 2294 in
253 2234 381 2295 lanificio
404 2233 520 2294 Closter
547 2233 625 2294 filius
648 2233 814 2314 Arachnae,
847 2233 940 2295 linum
968 2243 998 2295 et
1027 2239 1100 2296 retia

86 2321 229 2404 Arachne,
238 2323 391 2384 lulloniam
400 2331 495 2382 artem
503 2321 601 2382 Nicias
611 2321 801 2403 Megarensis,
811 2324 956 2383 sutrinam
965 2323 1101 2400 Tychius

47 2425 73 2464 2⁵
86 2410 234 2474 boeotius.
263 2412 440 2472 medicinam
458 2411 592 2490 Aegyptii
615 2410 693 2490 apud
716 2413 797 2490 ipsos
815 2412 919 2472 volunt
942 2422 1100 2494 repertam,

87 2500 136 2560 alii
161 2520 215 2580 per
238 2499 368 2561 Arabum
390 2499 548 2580 Babylonis
576 2508 606 2560 et
628 2499 771 2578 Apollinis
796 2500 902 2581 libum,
932 2500 1100 2562 herbariam

88 2596 118 2650 et
143 2591 431 2650 medicamentariam
458 2608 475 2648 a
502 2587 631 2649 Chirone
661 2587 781 2650 Saturni
810 2598 840 2650 et
867 2589 1002 2670 Philyrae
1031 2591 1098 2653 nlio.

88 2697 136 2738 aes
163 2679 290 2738 conflare
318 2687 348 2738 et
375 2686 542 2757 temperare
571 2677 789 2759 Aristoteles
817 2677 931 2758 Lydum
959 2678 1089 2758 Scythen
1102 2688 1152 2737 192

88 2775 278 2849 monstrasse,
301 2767 571 2846 Theophrastus
590 2766 691 2827 Delam
708 2766 856 2846 Phrygem
877 2775 995 2849 putant,
1019 2787 1098 2829 aera·

50 2869 76 2910 oo
88 2859 159 2916 riam
172 2855 313 2917 fabricam
332 2856 381 2916 alii
395 2854 538 2934 Chalybas
557 2855 606 2914 alii
620 2854 774 2936 Cyclopas,
793 2858 907 2916 ferrum
921 2855 1098 2917 Hesiodus

89 2947 118 3004 in
140 2943 225 3005 Creta
248 2963 300 3006 eos
324 2947 376 3024 qui
398 2946 494 3005 vocati
517 2951 587 3005 sunt
610 2943 723 3023 Dactyli
746 2943 833 3005 idaei.
874 2952 1032 3023 argentum
1055 2949 1098 3006 in-

89 3067 207 3074 .,..-......,..
220 3065 295 3074 ,ηρ-ι-

156 3121 170 3168 1
195 3114 296 3170 Menon
325 3115 382 3170 Uri.
405 3115 482 3170 vind.
508 3120 614 3170 aa167.
647 3113 744 3169 minon
765 3115 808 3168 1¹.
840 3131 942 3170 menon
966 3132 1009 3170 ro.

91 3191 106 3240 i
128 3188 273 3268 appararet
290 3186 425 3271 iih'l‘d'.
503 3193 518 3240 9
542 3186 640 3240 domos
662 3185 705 3240 1².
737 3204 797 3240 —um
820 3203 842 3240 r.
922 3193 954 3240 12
978 3205 1017 3241 aa
1036 3194 1099 3256 post

90 3256 514 3397 tinihitihffiiai
532 3263 586 3382 a¹³
605 3257 1096 3398 natantianatantia

91 3399 189 3468 ·ryoole
211 3401 280 3455 1³1¹.
360 3406 394 3454 19
417 3417 473 3468 qua
496 3401 620 3470 Uoperua
643 3400 721 3453 Sinis
738 3417 769 3468 p.
779 3405 837 3455 125
855 3417 883 3453 o.
893 3404 940 3454 32.
973 3417 1011 3453 an
1034 3414 1120 3454 eam·

91 3470 177 3540 qnae?
259 3477 292 3526 21
317 3471 458 3540 Tirynthii
480 3472 557 3527 codd.
577 3471 635 3525 (del.
662 3469 796 3540 typinihii
815 3476 871 3523 ml.
899 3469 1054 3538 typhinthii
1072 3489 1096 3522 a.

90 3541 258 3668 {affin
331 3547 366 3597 24
390 3541 526 3597 sutrinam
549 3541 671 3612 Tychius
694 3541 786 3595 Hord.
819 3540 1096 3608 sustinendam-1⁹)-

140 3703 205 3744 Puni.
218 3714 275 3744 nar.
289 3714 352 3746 mar.
380 3705 411 3744 11.
920 3704 937 3750 4
