2594 3960
290 154 374 208 ΝΑΤ.
394 153 486 208 uisu.
507 153 532 206 x
551 161 656 210 43—47
676 158 802 224 (eo-er)
996 157 1058 221 189

14 305 218 366 tradendum
248 312 391 383 putavere
422 305 582 364 memoriae
613 305 732 384 quidam
765 307 861 366 visum
887 324 942 385 per
970 308 1050 367 sitim
1061 314 1112 362 125

15 394 145 474 lapides
174 400 390 472 congerentem
413 393 445 452 in
468 392 588 452 situlam
611 396 798 475 monimenti,
826 397 856 453 in
880 413 938 472 qua
962 395 1059 473 pluvia

17 501 100 560 aqua
128 481 278 562 durabat,
304 481 363 540 sed
392 498 467 558 quae
492 483 595 558 attingi
624 500 685 542 non
713 492 822 561 posset.
867 485 909 557 ita
936 485 1058 544 descen·

18 572 95 631 dere
123 578 293 650 paventem
321 571 504 649 expressisse
532 569 584 631 tali
611 573 755 656 congerie⁸
779 579 923 650 quantum
950 580 1058 650 poturo

5 661 203 721 tsuffieeret.

94 742 167 810 44.
189 741 265 830 (61)
288 747 349 807 Nee
368 745 536 822 Diomedias
555 747 725 826 praeteribo
746 767 822 808 aves.
864 739 956 809 luba'
972 756 1113 811 eata-126

25 843 132 898 rastas
165 845 253 897 vocat
281 841 312 896 et
339 828 382 895 eis
410 854 477 895 esse
505 835 610 896 denies
639 836 801 915 oculosque
832 839 920 916 igneo
951 838 1060 920 colore,
1096 828 1098 833 ’

25 934 137 987 cetero
166 925 312 1005 candidis,
334 923 465 984 tradens.
497 924 573 984 duos
597 943 715 1004 semper
738 925 785 984 his
809 925 909 1006 duces,
933 926 1060 988 alterurn
1107 925 1128 984 f

26 1016 147 1076 dueere
175 1032 295 1094 agmen,
322 1013 450 1073 alterum
473 1031 589 1090 eogere.
636 1013 758 1073 serobes
783 1031 923 1074 excavare
951 1025 1059 1097 rostro,

5 1105 99 1164 oinde
126 1111 216 1164 erate
240 1109 435 1162 consternere
460 1109 490 1161 et
512 1104 630 1180 operire
659 1109 740 1161 terra
769 1120 843 1180 quae
872 1111 940 1163 ante
968 1104 1060 1164 luerit
1164 1118 1166 1120 ·

28 1201 145 1271 egesta.
194 1194 226 1250 in
249 1191 297 1250 bis
319 1190 471 1250 letificare.
518 1190 598 1250 iores
625 1189 710 1250 binas
738 1193 871 1251 omnium
894 1191 1059 1252 scrobibus.

31 1285 187 1342 orientem
212 1286 347 1358 spectare
371 1277 480 1356 quibus
504 1286 611 1338 exeant
632 1281 664 1339 in
687 1297 809 1360 pasena,
833 1299 971 1340 oceasum
995 1283 1058 1359 qui*

32 1369 87 1432 bus
124 1369 264 1430 redeant.
313 1368 410 1428 alvum
443 1375 656 1428 exoneraturas
690 1367 845 1428 subvolare
879 1387 997 1448 semper
1030 1377 1060 1430 et

34 1461 191 1520 contrario
219 1456 300 1517 flatu.
349 1473 410 1515 uno
438 1455 493 1515 bae
521 1458 552 1516 in
580 1455 645 1516 loeo
673 1459 766 1518 totius
793 1458 876 1517 orbis
903 1460 1048 1538 visuntur,
1061 1463 1121 1511 127,

5 1549 64 1606 uin
87 1546 191 1608 insula
215 1551 305 1624 quam
327 1545 456 1604 diximus
484 1543 613 1604 nobilem
636 1544 788 1605 Diomedis
810 1546 925 1606 tumulo
949 1553 1039 1624 atque
1049 1547 1112 1598 ³³⁵¹

37 1635 176 1716 delubro,
200 1642 304 1695 eontra
323 1631 445 1712 Apuliae
469 1650 560 1714 oram,
584 1633 742 1716 fulicarum
766 1634 886 1695 similes.
932 1635 1059 1695 advenas

37 1725 183 1784 barbaros
202 1722 342 1801 clangore
360 1723 511 1802 infestant,
531 1720 651 1782 Graeeis
670 1729 787 1782 lantum
805 1723 964 1784 adulantur
983 1726 1058 1783 miro

41 1812 224 1892 diserimine,
242 1811 324 1871 velut
340 1813 445 1890 generi
459 1809 610 1870 Diomedis
628 1810 685 1870 boe
700 1810 876 1892 tribuentes,
896 1812 1057 1891 aedemque

46 1919 109 1961 eam
127 1901 250 1961 eotidie
283 1899 372 1979 pleno
404 1906 525 1978 gutture
558 1898 747 1960 madentibus
778 1902 885 1979 pennis
917 1901 1059 1978 perluunt

5 2005 30 2044 so
44 1998 132 2068 atque
154 1990 329 2068 purificant,
350 1986 440 2047 unde
469 1989 553 2066 origo
580 1986 695 2048 fabulae
723 1987 874 2048 Diomedis
903 1991 999 2048 sooios
1027 1991 1058 2049 in

43 2097 145 2140 earum
167 2079 282 2156 effigies
305 2084 443 2137 mutatos.

108 2161 169 2248 45.
194 2161 269 2248 (62)
297 2165 362 2224 Non
387 2164 584 2225 omittendum
607 2173 666 2245 est,
689 2183 757 2225 cum
781 2165 819 2248 de
840 2166 968 2243 ingeniis
991 2167 1112 2225 dis-128

44 2259 179 2336 serimus,
197 2253 405 2316 e·roluoribus
423 2251 599 2313 hirundines
617 2253 760 2314 indociles
779 2271 855 2334 esse,
874 2271 890 2312 e
909 2256 1059 2314 terrestri-

44 2345 98 2406 bus
130 2362 246 2424 mures,
279 2361 347 2403 eum
380 2328 528 2420 elephanti
557 2344 638 2422 iussa
670 2343 791 2424 faciant,
824 2341 925 2402 leones
957 2343 1060 2421 iugum
1154 2397 1160 2410 ,

12 2447 34 2487 ²⁵
47 2434 179 2514 subeant,
201 2435 233 2492 in
257 2434 331 2491 mari
354 2430 438 2501 vituli
461 2437 565 2508 totque
588 2433 717 2510 piscium
740 2449 850 2509 genera
872 2432 1037 2491 mitescant.

110 2517 170 2583 46.
194 2515 269 2603 (63)
302 2518 413 2580 Bibunt
442 2537 510 2578 ares
541 2526 645 2601 suetu,
683 2538 719 2579 ex
748 2520 795 2579 bis
825 2518 934 2598 quibus
964 2519 1051 2600 longa
1063 2525 1112 2574 129

49 2612 119 2672 oolla
139 2611 373 2671 intermittentes
396 2616 426 2668 et
450 2609 545 2688 eapite
569 2610 742 2686 resupinato
765 2607 846 2669 velut
868 2609 1061 2670 infundentes

49 2700 115 2781 sibi3
136 2698 297 2780 porphyrio
321 2697 403 2758 solus
426 2714 528 2756 morsu
552 2695 635 2758 bibit.
681 2697 760 2756 idem
789 2705 835 2756 est
861 2699 983 2777 proprio
1011 2717 1060 2777 ge·

49 2803 131 2871 nere,
157 2805 278 2848 omnem
301 2785 402 2847 eibum
425 2803 500 2865 aqua
524 2783 650 2846 subinde
673 2787 826 2866 tinguens,
854 2785 961 2846 deinde
985 2786 1060 2865 pede
1119 2791 1121 2795 ’

18 2878 85 2938 uad
106 2883 238 2938 rostrum
265 2875 356 2936 veluti
384 2891 473 2934 manu
502 2873 647 2934 adferens.
675 2873 889 2935 'laudatissimi
915 2876 947 2933 in
976 2874 1060 2934 Com-

51 2984 176 3044 magene.
223 2972 321 3025 rostra
343 2963 391 3023 his
415 2971 445 3022 et
468 2962 627 3041 praelonga
651 2981 740 3023 crura
762 2962 880 3022 rubent.

114 3047 170 3117 47.
195 3047 270 3134 (64)
302 3051 382 3112 Haeo
402 3051 523 3129 quidem
542 3058 572 3111 et
591 3053 796 3131 baematopodi
818 3052 912 3112 multo
935 3053 1052 3132 minori,
1063 3066 1114 3115 130

116 3284 255 3346 taquam
274 3275 311 3328 ι’.
328 3277 333 3343 Ι
349 3275 469 3329 durabat
487 3276 546 3330 αῑᾱ.
570 3275 693 3330 dabatis
710 3277 811 3330 iuras.
830 3275 867 3330 αἳ.
896 3276 998 3330 <liubai
1015 3266 1089 3345 r.l'

52 3352 142 3420 pessel
153 3365 179 3403 o.
205 3347 297 3402 -sittt
369 3352 387 3400 4
426 3349 507 3402 obruo
521 3346 609 3403 lilio.
635 3347 689 3400 -iui
702 3346 744 3400 1¹.
770 3350 811 3401 -to
831 3347 867 3401 αἱ.
895 3349 967 3400 -bero
984 3364 1008 3400 r.

53 3420 194 3476 8ixadens
213 3419 271 3474 liv.
298 3435 337 3472 an
421 3416 465 3470 'tr
539 3418 645 3472 14hae
663 3417 727 3472 vd.
752 3419 807 3472 hae
825 3417 908 3471 1¹2².
933 3417 1006 3470 haee
1024 3415 1062 3470 ιθ.

52 3493 110 3560 (cfr.
124 3491 143 3562 5
157 3496 201 3547 65.
217 3494 274 3558 85).
292 3489 347 3544 hoe
365 3506 388 3542 r.
463 3495 496 3544 16
514 3488 665 3544 fulicarum
683 3488 788 3542 similes
807 3490 865 3542 llo.
885 3493 915 3542 at
932 3488 982 3554 cfr.
1000 3503 1062 3542 noo.

54 3563 102 3618 lue.
111 3568 195 3634 1).29.
286 3565 320 3614 18
343 3559 497 3629 aedemque
516 3559 580 3614 Ε’ᾱ.
612 3559 677 3616 ead·
695 3577 718 3614 r.
809 3565 843 3613 32
862 3557 1063 3627 heemetopodi

55 3638 99 3689 oet.
117 3633 180 3688 Dal.
200 3633 260 3687 edd.
279 3635 339 3686 vett.
365 3633 490 3686 sement-
508 3631 639 3684 Μῑιῑὰ.
665 3631 771 3685 emani-
789 3646 812 3683 r.
839 3629 959 3682 himenir
977 3627 1044 3682 Dal.
