2628 3950
221 131 264 194 34
471 157 475 164 .
569 124 892 182 c.›1³n1n1sncuun1
980 139 984 144 ·

220 289 376 342 ternorum
394 285 483 356 atque
503 278 591 336 etiam
609 278 640 336 in
657 292 770 336 occano
783 276 953 353 genitorum
972 293 1045 336 usus
1058 275 1108 335 illo
1123 276 1238 338 honore

221 385 310 446 quem
332 367 460 426 maimes
479 363 562 425 Latio
587 381 706 442 qnoque
729 365 909 442 negaverint.
943 370 989 424 est
1012 371 1043 424 et
1064 362 1096 425 L.
1116 364 1239 443 Fulvius

219 459 299 516 inter
321 455 449 534 insignia
470 451 618 534 exempla,
640 452 878 513 Tusculanorum
896 451 1106 514 rebellantium
1124 455 1239 534 consul,
1307 509 1308 520 ,

221 545 385 623 eodemque
408 542 535 622 honore,
565 559 635 602 cum
656 543 826 621 transisset,
856 549 1017 602 exornatus
1040 542 1199 604 confestim
1222 561 1239 602 a

219 632 330 712 populo
353 631 501 710 Romano,
531 630 583 709 qui
605 629 687 690 solus
710 630 815 690 ecdem
837 646 915 690 anno
939 646 998 709 quo
1021 630 1119 692 fuerat
1141 631 1267 693 bostiss

169 729 219 778 13⁷
230 721 340 783 Romae
368 718 562 799 triumphavit
589 735 625 777 ex
652 720 690 778 iis
718 735 847 796 quorum
875 719 979 780 consul
1006 719 1113 780 fuerat.
1158 738 1238 782 unus

220 810 374 870 bominum
399 808 439 868 'ad
465 807 523 867 boo
551 808 615 866 aevi
637 805 745 867 Felicis
773 806 830 867 sibi
858 824 1023 886 cognomen
1048 807 1182 868 adseruit
1204 807 1238 869 L.

222 897 316 978 Sulla,
349 895 427 957 civili
450 913 558 975 nempe
581 896 724 974 sanguine
751 913 786 955 ac
808 897 920 974 patriae
944 898 1164 974 oppugnatione
1188 895 1238 958 ad·

220 981 361 1064 optatum.
392 987 449 1046 sed
470 983 580 1066 quibus
599 983 749 1044 felicitatis
771 983 912 1045 inductus
930 980 1134 1062 argumentis?
1158 985 1239 1063 quod

221 1073 411 1155 proscribere
428 1081 474 1134 tot
491 1072 571 1144 milia
590 1073 699 1132 civium
719 1089 752 1131 ao
767 1071 917 1132 trucidare
933 1074 1088 1151 potuisset.
1116 1090 1134 1132 o
1148 1091 1239 1152 prava
1255 1088 1282 1127 1⁰

221 1163 428 1242 interpretatio
453 1168 483 1221 et
502 1160 603 1222 futuro
622 1167 757 1239 tempore
775 1159 891 1220 infelix!
914 1178 975 1222 non
997 1159 1129 1222 melioris
1148 1165 1240 1223 sortis

221 1259 294 1312 tunc
308 1251 394 1312 fuere
407 1256 570 1329 pereuntes
584 1265 712 1328 quorum
730 1249 909 1310 miseremur
921 1248 1019 1332 hodie,
1043 1267 1112 1310 cum
1127 1249 1240 1311 Sullam

170 1345 318 1400 138nemo
346 1355 407 1400 non
434 1332 555 1398 oderit?
600 1355 667 1418 age,
699 1354 759 1397 non
787 1338 884 1398 exitus
906 1338 983 1400 vitae
1012 1339 1077 1398 eius
1105 1341 1239 1400 omnium

221 1429 459 1507 proscriptorum
481 1423 518 1486 ab
536 1424 586 1485 illo
605 1425 770 1486 calamitate
794 1425 944 1486 crudelior
962 1427 1019 1488 fuit
1041 1427 1184 1489 erodente
1205 1446 1238 1492 se

221 1519 288 1595 ipso
311 1532 437 1594 corpore
460 1521 491 1574 et
513 1512 657 1593 supplicia
679 1512 737 1573 sibi
757 1509 919 1593 gignente?
941 1515 1021 1594 quod
1043 1523 1078 1576 ut
1100 1515 1238 1578 dissimu·
1255 1530 1281 1571 1⁵
1307 1563 1308 1582 a

221 1603 327 1664 laverit
356 1609 386 1664 et
413 1619 554 1680 supremo
581 1601 697 1663 somnio
725 1604 804 1683 eius,
833 1605 883 1664 cui
904 1605 1073 1665 inmortuus
1097 1604 1238 1684 quodam·
1307 1629 1308 1632 ¹

222 1690 310 1752 modo
337 1698 397 1770 est,
429 1689 585 1753 credamus
613 1689 649 1750 ab
677 1709 738 1750 uno
765 1691 816 1751 illo
844 1692 984 1753 invidiam
1006 1690 1100 1771 gloria
1122 1695 1240 1774 victam,

218 1767 279 1839 'boe
309 1787 408 1840 tamen
441 1796 548 1858 nempe
579 1778 713 1840 felicitati
742 1797 813 1840 suae
844 1780 974 1842 defuisse
1008 1782 1164 1842 confessus
1193 1790 1240 1844 est

222 1866 301 1947 quod
325 1865 503 1947 Capitolium
525 1885 586 1926 non
609 1867 812 1931 dedicavisset.
1306 1943 1307 1950 ἵ

169 1963 221 2012 139
289 1949 364 2038 (45)
410 1955 444 2026 Q.
467 1954 604 2016 Metellus
626 1949 658 2016 i'n
682 1975 716 2020 ea
739 1958 873 2018 oratione
896 1975 985 2036 quam
1008 1957 1112 2020 habuit
1134 1977 1239 2038 supre·
1254 1974 1282 2014 eo

222 2046 278 2104 mis
301 2043 438 2106 laudibus
460 2045 554 2124 patris
577 2045 625 2104 sui
647 2042 679 2104 L.
702 2044 813 2106 Metelli
834 2047 998 2128 pontificis,
1027 2047 1075 2108 bis
1099 2048 1240 2129 consulis,

156 2201 162 2216 ,
223 2133 388 2213 dictatoris,
418 2134 553 2212 magistri
583 2135 731 2214 equitum,
763 2134 990 2213 quindecimviri
1019 2138 1099 2214 agris
1126 2136 1240 2218 dandis,

222 2223 275 2301 qrri
297 2222 441 2301 plurimos
468 2220 642 2300 elephantos
670 2240 707 2282 ex
728 2224 826 2301 primo
849 2222 963 2284 Punico
991 2221 1068 2292 bebo
1096 2224 1182 2286 duxit
1207 2228 1240 2286 in

222 2309 388 2389 triumpho,
418 2311 564 2389 scriptum
587 2309 709 2388 reliquit
732 2310 837 2372 decem
862 2314 1003 2374 maximas
1025 2331 1076 2374 res
1099 2316 1238 2394 optimas·

223 2417 295 2479 que,
327 2400 358 2459 in
388 2396 497 2476 quibus
528 2398 705 2477 quaerendis
738 2402 888 2480 sapientes
917 2408 1045 2462 aetatem
1076 2405 1239 2484 erigerent,
1254 2417 1282 2458 ss

168 2479 453 2546 rtoconsummasse
482 2503 566 2547 eum:
610 2484 738 2547 voluisse
767 2490 847 2550 enim
867 2491 1044 2568 primarium
1065 2489 1240 2554 bellatorem

222 2592 302 2655 esse,
325 2575 472 2653 optimum
494 2581 656 2656 oratorem,
679 2575 876 2638 fortissimum
894 2579 1119 2660 inperatorem,
1140 2583 1238 2660 auspi-

223 2665 269 2742 cio
293 2679 347 2723 suo
371 2664 512 2724 maximas
535 2681 585 2724 res
603 2665 678 2745 geri,
699 2667 827 2726 maximo
846 2664 959 2727 bonore
979 2669 1032 2748 uti,
1055 2686 1171 2729 summa
1194 2687 1239 2728 sa·

221 2753 334 2831 pientia
347 2769 423 2832 esse,
445 2769 595 2814 summum
611 2759 779 2814 senatorem
793 2752 905 2836 baberi,
928 2758 1084 2834 pecuniam
1103 2775 1240 2836 magnam

222 2839 300 2900 bono
328 2838 417 2900 modo
439 2841 588 2921 invenire,
620 2840 729 2902 multos
751 2839 862 2903 liberos
885 2841 1056 2924 relinquere
1085 2855 1116 2906 et
1138 2845 1239 2906 claris·
1255 2859 1282 2900 ³⁰

222 2931 332 2990 simum
358 2929 390 2989 in
418 2929 537 2989 civitate
565 2946 640 2990 esse.
685 2929 759 2990 baec
787 2933 947 3011 eondgisse
975 2934 1003 2992 ei
1030 2951 1086 2994 nec
1109 2933 1162 2996 ulli
1190 2933 1241 2996 alii

170 3025 299 3097 141post
326 3016 450 3076 Romam
478 3017 635 3078 conditam.
685 3017 807 3098 longum
833 3027 881 3082 est
907 3020 1043 3082 refellere
1077 3029 1107 3082 et
1134 3041 1239 3106 super·

221 3123 348 3166 vacuum
371 3103 487 3166 abunde
511 3123 572 3166 uno
594 3124 666 3166 casu
688 3107 847 3169 refutante.
884 3109 1031 3188 siquidem
1053 3113 1080 3170 is
1102 3110 1240 3195 Metelbrs

294 3310 494 3379 anegeverint
510 3315 588 3365 m.
614 3315 692 3366 emt
708 3330 732 3368 r.
796 3318 887 3383 liquo
905 3330 930 3369 a.
958 3315 1008 3384 qni
1026 3317 1054 3371 ll.
1118 3320 1170 3370 se
1189 3316 1238 3370 nd-

223 3379 1112 3457 optatum.adsom.eaeore.1³zte.p.39op.recusato.
1204 3393 1239 3442 10
1305 3381 1306 3400 ¹

222 3451 319 3514 posset
336 3452 384 3502 dr.
466 3457 498 3506 12
517 3452 601 3507 hodie
620 3469 670 3509 om.
688 3459 720 3508 lt.
803 3456 1048 3528 requodom.1r.
1129 3462 1164 3512 20
1182 3474 1238 3526 que

222 3517 352 3570 metellus
369 3519 414 3572 1¹.
440 3538 524 3589 quom
542 3524 612 3576 metr
630 3527 655 3578 d.
680 3525 738 3594 qud
755 3528 783 3597 (i.
798 3541 819 3582 e.
833 3527 918 3596 qnod)
937 3530 1007 3582 met
1024 3527 1070 3595 12²,
1088 3528 1164 3596 baud
1181 3530 1239 3584 seio

223 3602 261 3638 on
275 3591 357 3653 recto
376 3592 504 3658 apcdoea's
517 3594 637 3662 inceptat
649 3612 674 3650 c.
685 3601 732 3652 32,
787 3603 820 3650 23
835 3598 1072 3672 ρΙιυτὶιιιοεόΡίπὺμ
1087 3598 1194 3667 primus
1208 3600 1237 3654 ll.
