2610 3960
326 125 411 180 neu.
429 123 523 180 Hiar.
542 123 594 178 ΧΠ
614 129 718 180 ea-er
738 126 865 196 (ae-co)
1041 127 1105 192 311

156 271 217 340 20.
236 269 311 359 (57)
334 273 498 337 Medicinae
515 273 573 336 hoc
591 281 717 356 tantum,
736 293 869 356 panacen
888 283 919 338 et
937 279 1098 356 unguentis
1109 285 1160 336 tta

72 367 194 430 eadem
216 367 324 446 gignit,
356 371 529 426 nascentem
561 371 592 426 et
618 366 650 425 in
672 364 821 444 Psophide
845 365 986 427 Arcadiae
1015 368 1107 428 circa·

75 471 147 535 que
171 453 348 535 Erymanthi
370 454 484 515 fontem
507 460 537 514 ct
560 454 591 514 in
615 453 714 514 Africa
738 461 767 514 et
789 455 821 515 in
844 453 1024 517 Macedonia.
1065 457 1107 517 fe.-

75 545 156 606 rula
174 545 222 606 sui
240 545 359 623 generis
378 545 511 623 qaunque
530 541 710 623 cubitorum,
733 542 811 604 foliis
829 546 926 623 primo
946 547 1109 625 quaternis,

41 643 58 686 ⁵
76 651 159 694 mox
178 634 260 696 senis
277 633 310 694 ln
328 639 409 694 terra
427 629 602 714 iacentibus,
625 631 721 712 ampla
739 632 942 712 magnitudine
962 634 1108 715 rotundis,

75 725 116 784 in
137 723 295 784 cacumine
313 720 487 806 oleagineis,
510 722 624 782 semine
646 737 718 782 vero
741 723 898 783 muscariis
920 721 1108 803 dependente

75 821 120 873 ut
145 810 270 880 ferulae.
315 813 463 891 excipitur
486 827 578 871 sucus
601 811 695 870 inciso
719 809 807 871 caulo
826 809 984 894 messibus,
1008 812 1108 873 radice

75 907 249 981 autumno,
278 899 417 962 laudatur
444 900 555 961 candor
585 900 651 961 eius
681 901 784 960 coacti.
837 917 968 979 sequens
999 899 1108 980 pallido

78 997 209 1051 statera.
246 991 331 1068 niger
349 988 430 1050 colos
453 987 638 1068 inprobatur.
674 991 805 1068 pretium
828 990 940 1069 optimo
964 990 995 1049 in
1018 988 1109 1050 libras

33 1092 62 1131 ιο
79 1079 210 1140 denaris
233 1091 269 1139 11.

157 1161 233 1250 (58)
265 1165 310 1228 Ab
336 1166 392 1228 hac
420 1166 515 1229 ferula
542 1165 643 1228 differt
669 1184 746 1247 quae
773 1173 897 1228 vocatur
925 1167 1100 1248 spondylion
1113 1174 1163 1223 128

79 1257 168 1318 foliis
191 1263 321 1336 tanturn,
349 1257 418 1336 quia
441 1262 513 1316 sunt
534 1257 650 1317 minora
673 1254 836 1336 etplatani
863 1254 1003 1318 divisura.
1049 1275 1109 1317 non

79 1347 147 1414 nisi
166 1347 199 1406 in
218 1347 318 1426 opacis
336 1345 476 1425 gignitur.
509 1359 613 1405 semen
631 1344 737 1406 eodem
755 1347 875 1406 nomine
895 1344 957 1406 silis
977 1347 1109 1426 speciem

80 1434 190 1516 habet,
213 1433 377 1496 medicinae
401 1441 517 1495 tantum
540 1433 622 1494 utile.

37 1537 66 1578 1⁵
157 1517 233 1607 (59)
256 1522 312 1585 bat
330 1531 361 1584 et
383 1521 600 1584 malobathrum
620 1522 716 1605 Syria,
737 1522 875 1584 arborem
898 1523 969 1584 lolio
993 1541 1099 1584 convo·
1113 1530 1164 1604 tao

82 1613 163 1694 luto,
182 1612 282 1674 colore
301 1612 377 1673 aridi
395 1611 455 1692 loli,
475 1629 511 1672 cx
530 1629 589 1692 quo
608 1614 757 1692 premitur
775 1612 875 1674 oleum
893 1612 930 1673 ad
949 1620 1111 1694 unguenta,

81 1701 236 1764 fertiliore
256 1701 390 1762 eiusdem
403 1699 545 1782 Aegypto.
577 1700 725 1763 laudatius
744 1709 844 1762 tannen
863 1721 901 1763 ex
919 1701 1003 1763 lndla
1020 1703 1110 1763 venit.

82 1795 119 1854 in
137 1788 299 1872 paludibus
317 1789 360 1852 ibi
377 1792 459 1870 gigni
477 1789 600 1852 tradunt
617 1789 706 1852 lentis
724 1789 822 1872 modo,
841 1790 993 1852 odoratius
1012 1808 1111 1871 croco,

84 1882 242 1962 nigricans
260 1878 468 1961 scabrumque,
490 1878 620 1958 quodam
638 1877 708 1942 salis
722 1886 820 1960 gustu.
853 1881 953 1942 miuus
966 1879 1112 1960 probatur

39 1983 71 2025 20
86 1969 261 2032 candidum.
293 1967 450 2030 celerrime
469 1969 561 2030 situm
578 1970 611 2028 in
629 1975 777 2030 vetustate
801 1969 901 2030 sentit.
934 1985 1023 2048 sapor
1046 1970 1111 2030 eius

86 2059 185 2122 nardo
209 2057 313 2119 similis
336 2075 403 2118 esse
427 2056 516 2118 debet
540 2056 597 2118 sub
624 2057 733 2137 lingua.
783 2057 858 2119 odor
885 2074 956 2118 vero
983 2059 1016 2118 in
1043 2058 1111 2117 vino

86 2147 305 2216 subfervefacti
332 2145 482 2208 antecedit
508 2145 589 2208 alios.
639 2149 672 2207 in
699 2147 797 2226 pretio
826 2146 948 2226 quidem
974 2145 1111 2226 prodigio

88 2237 188 2301 simile
211 2243 272 2317 est,
300 2253 317 2296 a
340 2235 460 2298 denaris
484 2234 610 2316 singulis
633 2234 669 2295 ad
692 2233 719 2296 ll
742 2247 807 2296 ccc
830 2237 989 2315 pervenire
1011 2233 1112 2316 libras,

87 2326 197 2388 folium
220 2332 320 2386 autem
343 2326 442 2404 ipsum
464 2327 496 2384 in
518 2323 610 2386 libras
633 2323 660 2385 ii
683 2337 741 2386 nx.
1085 2347 1088 2355 ·

43 2429 73 2469 2⁵
160 2410 220 2478 27.
240 2406 314 2496 (60)
330 2405 445 2476 'Oleum
463 2421 494 2474 et
511 2411 701 2494 omphacium
719 2421 773 2474 est.
801 2413 835 2474 fit
853 2411 970 2474 duobus
985 2413 1164 2492 generi-130

88 2505 149 2566 bus
173 2511 204 2566 et
226 2503 352 2564 totidem
378 2501 488 2583 modis,
515 2521 553 2563 ex
579 2501 644 2563 olea
672 2509 703 2563 et
729 2503 803 2583 vite,
831 2501 896 2564 olea
924 2501 1020 2564 adhuc
1047 2500 1113 2562 alba

88 2611 242 2675 expressa,
265 2591 399 2653 deterius
418 2609 454 2652 cx
473 2591 597 2671 druppa.
633 2593 675 2653 ita
693 2598 816 2653 vocatur
834 2593 919 2672 prius
938 2609 1028 2670 quam
1045 2590 1112 2652 cibo

89 2691 208 2744 matura
231 2683 284 2762 sit,
311 2683 370 2742 iam
393 2688 493 2742 tamen
517 2679 648 2752 colorem
676 2687 809 2762 mutans,
836 2680 1004 2742 differentia
1032 2679 1112 2760 quod
1150 2751 1154 2764 Ὺ

165 2912 179 2961 1
200 2907 262 2962 diet.
281 2919 338 2975 ego.
419 2911 435 2958 2
454 2903 592 2975 psophide
611 2908 660 2958 lt
673 2905 807 2976 mcongmi
820 2921 869 2974 ap.
883 2904 971 2960 Barb.
998 2919 1063 2974 pro·
1080 2909 1113 2960 e.

90 2980 155 3050 ipso
173 2978 229 3034 bne
248 2977 313 3048 (fide
332 2976 378 3046 υἱ)
396 2977 581 3032 ltceddeett.
672 2975 815 3032 3fontem
832 2980 868 3030 Ι.
905 2977 960 3031 -tes
978 2992 1023 3032 rc.
1117 3033 1119 3037 ,

90 3051 194 3106 edin.
211 3063 268 3119 ego.
345 3047 535 3118 toleagineis
553 3052 589 3101 Ι.
616 3063 684 3102 nero
703 3047 761 3104 cle·
778 3064 824 3102 ro.
844 3049 850 3117 Ι
869 3063 936 3104 uero
955 3051 989 3102 Ι.
1018 3045 1049 3102 in
1066 3061 1114 3103 ro.

90 3122 139 3178 scd
157 3121 208 3189 cfr.
227 3119 354 3176 xV115.
375 3121 380 3188 Ι
400 3116 646 3189 dependentibus.
721 3118 847 3174 'lferule
864 3123 900 3174 Ι.
973 3117 1115 3174 8candor

91 3193 153 3248 eine
172 3189 265 3248 coacti
282 3191 342 3248 llo.
368 3189 489 3246 candore
506 3189 587 3245 fusco
605 3207 640 3245 ac
659 3190 684 3244 si
697 3193 753 3259 Ι..)
769 3189 892 3260 pallidus
905 3188 950 3246 Iti.
1006 3195 1042 3266 ,9.
1058 3191 1114 3244 sta-

93 3267 158 3320 tere
175 3266 269 3317 nudo.
297 3262 343 3316 ste
359 3266 391 3317 n.
410 3277 462 3317 orn.
475 3265 512 3316 Κ
539 3266 612 3317 totus
630 3262 815 3318 loeneadluae
831 3265 979 3330 correptus
996 3260 1114 3316 cidetm.

167 3339 201 3390 10
215 3332 327 3388 donans
339 3333 375 3388 H.
389 3338 424 3388 Ι.
452 3333 550 3390 XIIlt.
573 3332 799 3389 Xbinianrd.
820 3331 970 3388 biniasses
984 3332 1116 3388 adasate

94 3406 187 3461 Hnrd.
259 3410 294 3460 22
309 3404 451 3460 antecedit
463 3403 580 3460 wie.
609 3403 670 3460 -det
682 3403 776 3459 wc.
852 3409 887 3458 23
902 3421 920 3459 a
933 3403 1045 3458 denaris
1060 3403 1115 3458 ain·

94 3477 169 3548 gulis
186 3480 227 3531 lt
251 3475 505 3546 aXsingnlisltc
533 3475 718 3547 XXsingulis
736 3480 761 3530 rt
777 3475 782 3544 Ι
798 3474 836 3531 nd
853 3472 968 3530 Ξο00.
987 3479 1114 3529 lberto.

94 3547 264 3603 addendrios
283 3545 371 3602 0000
389 3552 421 3602 B.
507 3551 544 3602 nt
561 3545 794 3602 folium-libros
813 3562 865 3604 orn.
879 3551 914 3600 Ι.
997 3551 1031 3601 tt
1051 3545 1114 3601 cibo

94 3619 188 3678 nnio.
216 3619 266 3674 bu
283 3623 319 3674 Ι.
347 3617 567 3678 -bumn1cin
585 3615 721 3673 cibnmd.
