2620 3948
202 126 264 188 104
551 121 578 177 0.
598 123 697 176 PLINl
717 121 874 176 SECUNDI

199 276 279 352 gusti
306 274 473 342 novissimis
498 271 683 351 temporibus
711 272 845 350 coepisse
874 271 978 330 scribit
1001 270 1216 332 Fenestella.

200 361 322 421 crebrae
345 369 536 440 papaveratae
565 362 764 437 antiquiorem
786 358 897 419 babent
924 361 1070 438 originem
1094 361 1151 420 iam
1175 359 1216 420 ab

199 449 338 509 lucilio
375 458 462 528 poeta
498 452 529 510 in
565 448 715 527 Torquato
753 455 879 508 notatae.
931 456 1100 526 praetextae
1137 448 1217 526 apud

168 537 344 622 ,Etruscos
375 539 519 616 originem
549 529 699 598 invenere.
744 535 854 597 trabeis
882 555 953 596 usos
980 539 1093 615 accipio
1121 555 1217 616 reges.

200 628 296 706 pictae
324 634 422 686 vestes
445 628 504 686 iam
527 625 604 705 apud
627 625 817 686 Homerum
842 624 977 707 [suisse],
1009 625 1088 686 unde
1111 627 1246 686 trium-⁵

147 724 198 771 196
209 715 310 794 phales
334 724 428 775 natae.
467 733 522 774 acu
545 715 642 774 lacere
666 715 696 775 id
719 714 852 792 Phryges
874 717 1066 794 invenerunt,
1089 713 1216 792 ideoque

199 803 393 883 Phrygioniae
427 803 587 882 appellatae
621 811 698 863 sunt.
749 821 855 863 aurum
884 805 1018 863 intexere
1051 805 1082 862 in
1113 801 1217 863 eadem

200 893 267 952 ,isia
294 895 406 952 invenit
434 891 547 952 Attalus
575 910 642 972 rex,
671 891 750 951 unde
779 909 887 951 nomeu
914 890 1054 952 Attalicis.
1100 892 1217 951 colores

200 982 333 1041 diversos
360 983 494 1060 picturae
525 982 659 1058 intexere
686 979 816 1059 Babylon
844 983 969 1040 maxime
998 978 1158 1040 celebravit
1185 988 1218 1039 et

199 1087 308 1130 nomen
330 1071 470 1148 inposuit.
499 1068 636 1148 plurimis
659 1087 729 1129 vero
751 1068 828 1129 liciis
851 1077 952 1130 texere
977 1087 1052 1147 quae
1075 1067 1260 1147 polymitam

200 1157 348 1237 appellant
361 1157 537 1218 Alexandria
559 1159 698 1239 instituit,
720 1157 846 1218 scutulis
869 1157 999 1218 dividere
1020 1155 1119 1217 Gallia.
1146 1156 1217 1215 lle-

200 1245 310 1307 tellus
325 1245 446 1325 Scipio
465 1246 637 1307 tricliniaria
650 1245 826 1326 Babylonica
846 1248 1018 1306 sestertium
1036 1247 1217 1324 octingentis

200 1333 320 1396 milibus
338 1337 454 1396 venisse
473 1337 531 1395 iam
550 1342 622 1395 tunc
641 1336 725 1414 ponit
743 1337 774 1395 in
794 1334 913 1395 Catonis
933 1333 1116 1414 criminibus,
1140 1351 1217 1412 quae

148 1432 197 1478 197
208 1423 319 1484 Neroni
338 1425 466 1503 principi
485 1424 682 1503 quadragiens
705 1426 843 1485 sestertio
868 1441 964 1502 nuper
983 1430 1102 1483 stetere.
1131 1421 1218 1482 Serri

199 1511 277 1572 Tulli
305 1519 487 1594 praetextae,
520 1511 629 1591 quibus
657 1515 775 1592 signum
797 1511 944 1572 Fortunae
974 1511 1010 1571 ab
1039 1530 1074 1571 eo
1102 1511 1217 1571 dicatae
1235 1519 1262 1559 1⁶

200 1609 375 1679 coopertum
394 1609 467 1681 erat,
488 1601 633 1662 duravere
653 1602 689 1662 ad
709 1600 809 1661 Seiani
828 1603 949 1680 exitum,
972 1601 1140 1678 ndrrrmque
1160 1601 1219 1659 luit

159 1729 163 1733 ,
201 1705 296 1767 neque
328 1688 492 1749 diffluxisse
525 1708 574 1750 eas
606 1707 703 1768 neque
733 1689 902 1750 teredinum
932 1690 1056 1749 iniurias
1087 1691 1217 1749 sensisse

200 1779 285 1836 arinis
308 1779 479 1855 quingentis
502 1771 661 1856 sexaginta.
693 1777 820 1838 vidimus
843 1779 901 1837 iam
924 1785 955 1837 et
974 1778 1135 1837 viventium
1157 1777 1217 1836 vel-

200 1866 261 1924 lera
284 1884 430 1946 purpura,
461 1885 564 1946 cocco,
593 1866 760 1946 conchylio,
781 1863 1042 1945 ‘sesquipedalibus
1065 1864 1149 1925 libris
1171 1868 1216 1925 in-

129 1949 133 1952 ’
200 1954 290 2032 lecta,
313 1953 393 2015 velut
416 1953 464 2014 illa
488 1957 531 2014 sic
554 1957 636 2014 nasci
660 1963 783 2032 cogente
807 1954 932 2015 luxuria.
1234 1964 1262 2002 ²0

147 2049 198 2097 198
267 2035 341 2124 (75)
366 2042 399 2101 ln
422 2045 485 2121 ipsa
508 2061 561 2102 ove
586 2045 657 2103 satis
678 2045 861 2122 generositas
884 2043 1053 2103 ostenditur
1071 2043 1217 2104 brevitate

200 2148 337 2211 crurum,
359 2134 471 2192 ventris
494 2133 612 2193 vestitu.
654 2131 762 2210 quibus
786 2132 884 2192 nudus
908 2139 988 2191 esset
1010 2133 1109 2210 apicas
1132 2149 1217 2190 voca-

200 2220 271 2281 bant
294 2220 539 2299 damnabantqne.
586 2219 687 2299 Syriae
711 2219 857 2281 cubitales
881 2222 980 2280 ovium
1004 2220 1128 2300 caudae,
1152 2219 1217 2298 plu·

200 2310 367 2387 rimumque
395 2310 426 2368 in
454 2327 488 2369 ea
515 2317 600 2388 parte
627 2308 724 2370 lanici.
770 2310 893 2369 castrari
927 2326 1017 2387 agnos
1046 2310 1104 2368 nisi
1131 2311 1218 2386 quin-

201 2404 406 2474 quemenstres
429 2404 652 2475 praematurum
675 2399 867 2458 existimatur.
1234 2406 1262 2445 ²5

148 2492 199 2538 raa
268 2479 327 2546 49.
368 2484 422 2545 Est
444 2487 475 2546 in
498 2485 652 2566 Hispania,
674 2486 726 2546 sed
750 2488 875 2546 maxime
900 2485 1033 2565 Corsica,
1056 2503 1116 2545 non
1140 2485 1216 2546 absi-

201 2572 269 2632 mile
292 2575 394 2651 pecori
417 2592 511 2652 genus
535 2589 724 2634 musmonum
750 2575 871 2653 caprino
894 2573 963 2634 villo
987 2591 1076 2653 quam
1098 2577 1218 2652 pecoris

201 2659 302 2750 velleri
325 2663 460 2742 propius,
491 2681 619 2741 quorum
646 2683 662 2723 e
686 2681 795 2742 genere
824 2671 854 2722 et
881 2662 986 2724 ovibus
1014 2670 1099 2723 natos
1124 2664 1218 2740 prisci

282 2803 301 2807 -.
308 2801 412 2808 ...μ-ἡ

272 2890 287 2938 2
302 2885 338 2938 ab
347 2885 514 2940 Booterweb.
528 2902 595 2940 mua.
610 2887 697 2941 Rben.
712 2892 788 2942 1866
804 2891 906 2954 12349.
931 2885 983 2939 sub
997 2887 1055 2941 lla.
1084 2886 1088 2893 '
1111 2893 1128 2940 4
1142 2888 1218 2941 etro-

201 2973 262 3010 scos
286 2972 355 3024 quos
378 2960 430 3025 lid.
461 2959 465 3024 Ι
495 2957 556 3010 dist.
581 2973 634 3027 epo.
708 2963 724 3010 o
747 2956 839 3026 pictae
862 2960 941 3008 ΒΜ.
971 2958 1010 3010 -te
1028 2973 1051 3010 r.
1081 2959 1136 3011 -tas
1154 2974 1179 3011 o.
1211 2957 1215 3027 Ι

200 3042 285 3082 uncos
301 3028 386 3095 posui
409 3043 463 3096 epo.
500 3027 585 3082 fuisse
607 3029 765 3097 emargine
787 3029 858 3094 falco
881 3028 1000 3096 irrepsit.
1040 3063 1046 3076 .
1092 3033 1126 3081 10
1148 3045 1217 3084 uero
1304 3041 1305 3086 1

200 3097 300 3152 3²2⁹&
328 3098 390 3152 uice
409 3115 431 3152 r.
457 3100 462 3166 Ι
490 3098 563 3153 liciis
581 3104 613 3152 a.
642 3099 721 3153 liceis
740 3099 798 3152 ald.
827 3097 958 3152 lietisa1.
986 3097 1066 3152 liecis
1084 3115 1106 3152 r.
1132 3099 1137 3166 l
1166 3115 1217 3168 pc-

200 3169 299 3224 lemita
313 3172 337 3223 d.
393 3175 427 3222 14
445 3171 547 3224 stetere
566 3175 614 3225 ro.
635 3170 753 3226 extitere
771 3187 793 3224 r.
854 3174 886 3223 15
906 3170 1069 3239 praetextae
1082 3185 1107 3223 o.
1127 3171 1169 3223 -ba
1187 3170 1216 3224 ll.

273 3247 305 3294 17
325 3239 472 3295 defluxisse
491 3245 564 3295 aaa.
629 3247 663 3295 20
681 3241 733 3295 illa
751 3257 801 3295 orn.
820 3245 852 3294 a.
913 3246 948 3293 Ι21
969 3241 1142 3310 generositas
1160 3256 1217 3309 eqo.

201 3311 279 3366 -tetis
298 3313 326 3366 ll.
382 3317 415 3364 22
434 3311 579 3365 restituo.
608 3315 664 3366 -tus
683 3313 711 3366 ll.
741 3312 833 3366 Ianne
850 3312 920 3366 coni,
940 3312 992 3364 -tu
1011 3311 1035 3365 is
1054 3311 1163 3380 quibus.

201 3389 234 3438 26
257 3400 314 3436 non
336 3382 409 3436 Detl.
436 3398 494 3436 non
512 3382 632 3438 maxime
652 3385 710 3438 lta
766 3388 800 3438 27
818 3398 997 3437 musmonum
1016 3383 1066 3451 (nel
1083 3383 1217 3436 musimo-

200 3454 277 3520 num)
295 3453 383 3507 Borb.
415 3456 564 3508 -omumd
598 3454 745 3508 -oniumr
778 3454 832 3536 cfr,
853 3452 1009 3508 Sebrwider
1032 3454 1076 3507 ad.
1092 3453 1174 3506 Voss.
1191 3470 1216 3507 r.

200 3539 223 3573 r.
243 3525 373 3588 11212.
451 3528 485 3577 28
503 3523 589 3594 prisci
607 3525 762 3580 umbroso.
790 3524 875 3594 prisci
893 3524 998 3578 imbros
1017 3523 1053 3578 ι’.
1082 3523 1217 3592 priscum-

199 3591 264 3644 bres
282 3597 336 3644 M.
364 3593 450 3661 prisci
467 3593 570 3648 imbres
589 3596 711 3663 (ymbres
728 3597 804 3664 Er.)
