2624 3954
196 173 263 241 268
542 172 571 229 Ο.
590 172 690 228 PLINI
710 171 867 228 SECUNDI
905 189 910 196 ’

196 334 313 388 ceratos
337 332 453 386 certum
476 330 530 384 est.
576 323 698 383 tradunt
721 321 899 383 Zoroastren
922 323 953 382 in
976 322 1104 383 desertis
1127 337 1214 382 caseo

197 417 305 476 vixisse
325 415 411 475 annis
428 415 538 474 xxita
557 418 723 491 temperato
743 417 776 472 ut
793 418 973 472 vetustatem
995 428 1055 471 non
1080 412 1214 472 sentiret.

144 511 196 560 243
266 497 325 565 43.
350 495 425 585 (98)
451 501 661 562 ‘Terrestrium
680 499 766 560 ¹solus
788 500 877 561 homo
900 499 994 580 bipes.
1035 501 1088 560 nni
1110 499 1214 580 iuguli,

196 594 303 674 umeri,
326 593 436 652 ceteris
459 592 542 672 armi,
564 591 618 651 arni
640 589 736 650 ulnae.
783 589 892 668 quibus
915 589 1086 650 animalium
1108 605 1215 649 manus

198 689 282 762 sunt,
300 683 382 742 intus
400 687 516 761 tanturn
535 696 687 760 carnosae,
710 685 793 739 extra
812 680 911 739 nervis
930 686 960 738 et
979 685 1048 739 oute
1068 684 1243 738 constant.⁵

143 777 196 827 144
265 763 339 853 (99)
372 768 462 848 Digiti
489 767 666 847 quibusdam
695 769 727 828 in
756 767 894 834 manibus
924 768 997 829 seni
1047 765 1085 827 M.
1109 765 1217 827 Coroni
1300 797 1301 802 1

198 875 233 920 ex
263 859 387 938 patricia
417 864 505 936 gente
518 853 520 856 ’
535 856 610 917 filias
642 856 715 918 duas
748 856 786 916 ob
815 857 846 917 id
877 855 1025 935 Sedigitas
1054 856 1216 934 accipimus

198 947 372 1029 appellatas,
404 954 435 1007 et
457 945 621 1006 Volcatium
650 945 815 1024 Sedigitnm
842 945 1000 1006 inlustrem
1029 947 1060 1004 in
1090 945 1216 1024 poetice.

196 1037 326 1098 bominis
359 1035 444 1116 digiti
474 1043 576 1096 ternos
609 1035 750 1095 articulos
781 1033 905 1116 babent,
936 1033 1035 1113 pollex
1066 1032 1153 1094 binos
1185 1041 1217 1094 et

199 1126 299 1205 digitis
318 1124 460 1186 adversus
479 1125 626 1184 universis
644 1122 785 1204 flectitur,
802 1136 863 1203 ‘per
881 1141 913 1183 se
937 1141 1008 1183 vero
1030 1125 1061 1182 in
1085 1120 1216 1183 oblicum
1231 1135 1260 1176 1⁰

196 1206 375 1294 porrigitur,
403 1215 532 1274 crassior
555 1214 673 1274 ceteris.
719 1212 789 1273 huic
817 1213 958 1273 minimus
975 1228 1125 1273 mensura
1151 1229 1217 1292 par,

198 1321 232 1364 ac
255 1303 314 1364 duo
338 1302 447 1382 reliqui
470 1301 536 1384 sibi,
558 1303 638 1362 inter
661 1319 737 1381 quos
759 1301 876 1362 medius
898 1300 1070 1380 longissime
1093 1307 1215 1380 proten-

197 1390 287 1453 ditur.
333 1389 446 1470 qnibus.
465 1409 501 1451 44
525 1393 629 1470 rapina
650 1392 747 1450 rictus
771 1390 996 1473 quadripedum,
1024 1391 1107 1468 quini
1130 1389 1217 1468 digiti

146 1483 239 1541 144144
261 1478 413 1560 prioribus
436 1478 576 1561 pedibus,
603 1481 633 1539 in
658 1478 781 1558 reliquis
809 1481 956 1558 quaterni.
1001 1478 1117 1560 leones,
1143 1476 1217 1560 lupi,

199 1587 288 1630 canes
320 1576 351 1628 et
378 1586 473 1648 pauca
502 1569 533 1628 in
562 1567 780 1648 posterioribus
811 1585 930 1647 quoque
960 1569 1068 1646 quinos
1098 1580 1260 1646 ungues1⁵

197 1654 321 1740 babent,
350 1674 411 1717 nno
439 1659 520 1717 iuxta
551 1659 649 1717 cruris
678 1656 837 1718 articulum
864 1657 1064 1737 dependente,
1093 1654 1219 1739 reliqua,

198 1763 274 1826 quae
298 1753 369 1806 sunt
391 1747 519 1828 minora,
542 1753 573 1806 et
595 1745 703 1825 digitos
726 1748 843 1825 quinos.

265 1833 408 1895 Bracchia
430 1852 491 1895 non
519 1833 657 1895 omnibus
683 1837 766 1914 paria
794 1851 905 1895 secum.
951 1834 1085 1894 studioso
1108 1833 1218 1895 Threci

198 1925 230 1984 in
250 1923 281 1986 G.
296 1923 430 1985 Caesaris
449 1924 519 1984 ludo
538 1931 643 1985 notum
661 1931 708 1984 est
725 1924 878 1985 dexteram
896 1923 989 1984 luisse
1003 1925 1215 2002 proceriorem.

266 2012 444 2074 Animalium
468 2013 612 2092 quaedam
634 2019 668 2073 ut
691 2012 827 2074 manibus
850 2018 978 2074 utuntur
999 2013 1136 2092 priorum
1161 2013 1214 2072 mi·
1230 2025 1261 2067 so

199 2102 324 2164 nistcrio
342 2101 453 2182 pedum
472 2102 636 2181 sedentque
661 2102 697 2163 ad
721 2121 754 2162 os
777 2101 836 2163 illis
859 2101 1044 2162 admoventia
1068 2100 1160 2184 cibos,
1182 2109 1219 2162 ut

147 2199 199 2249 ‘246
209 2193 310 2252 sciuri.
357 2185 416 2254 44.
441 2183 538 2274 (100)
566 2208 635 2251 nam
658 2192 809 2252 simiarum
837 2209 947 2270 genera
974 2190 1137 2271 perlectam
1164 2190 1220 2250 bo·

200 2282 289 2341 minis
312 2281 507 2344 imitationem
523 2279 684 2340 continent
715 2280 803 2361 sanie,
830 2279 966 2362 naribus,
994 2279 1129 2361 auribus,
1155 2279 1221 2360 pal-

200 2369 318 2452 pebris,
333 2387 423 2450 ‚quas
454 2369 533 2430 solae
564 2368 779 2448 quadripedum
814 2376 845 2430 et
873 2369 904 2429 in
934 2368 1076 2430 inferiore
1106 2366 1221 2430 babent

200 2475 289 2541 gena,
320 2459 379 2519 iarn
407 2475 549 2519 mammas
578 2460 609 2518 in
637 2465 760 2538 pectore
790 2466 821 2519 et
849 2456 987 2519 bracchia
1015 2466 1045 2518 et
1073 2475 1161 2518 crura
1184 2459 1219 2519 in
1235 2471 1262 2512 2⁵

201 2549 384 2608 contrarium
403 2547 538 2608 similiter
556 2546 644 2628 sscxa,
667 2549 698 2608 in
717 2546 854 2608 manibus
872 2565 1001 2629 ungues,
1024 2547 1131 2627 digitos
1153 2546 1220 2608 lon-

200 2637 374 2716 gioremque
392 2637 532 2698 medium.
568 2636 695 2721 pedibus
717 2636 839 2716 paulurn
857 2636 1007 2698 differunt.
1044 2642 1114 2697 sunt
1137 2638 1222 2697 enim

201 2732 236 2785 ut
255 2743 361 2788 manus
378 2726 565 2808 praelongae,
588 2725 640 2786 sed
661 2725 819 2806 uestigium
841 2724 954 2805 palmae
979 2724 1073 2787 simile
1096 2726 1220 2786 iaciunt.

272 2939 520 3024 aiugnilxnuo.
552 2969 623 3022 ung-
641 2970 666 3006 s.
698 2949 826 3022 iugulum
844 2957 875 3005 B.
908 2951 949 3006 -14
967 2950 1118 3007 4444111441.

201 3032 273 3080 dm.
289 3023 385 3079 corani
401 3029 436 3078 Ι.
466 3039 561 3080 coram
578 3029 610 3078 lt.
638 3041 675 3079 m.
690 3023 784 3078 cornei
801 3040 825 3079 4.
854 3021 883 3077 (1.
899 3021 989 3077 Orobii
1007 3023 1066 3080 44141.
1082 3027 1146 3078 ante
1159 3022 1220 3079 Gel.

199 3097 237 3152 M.
253 3095 370 3151 04414111
383 3095 492 3151 441641.
521 3093 550 3150 0.
564 3093 676 3150 Horatii
689 3093 781 3150 Hand.
854 3095 980 3150 numos
994 3093 1128 3148 4411444144
1141 3095 1222 3163 (4444-

189 3167 290 3237 14411)
308 3166 416 3223 habent
432 3166 536 3221 WB.
569 3166 702 3221 articulos
722 3164 835 3236 (aperto
848 3166 875 3234 ι)
894 3165 1001 3220 habent
1017 3164 1082 3220 1114.
1115 3165 1222 3220 articu-

85 3243 91 3266 ⁶
199 3239 243 3294 loc
261 3238 369 3294 habent
385 3239 480 3294 ternos
497 3242 544 3294 do.
565 3239 570 3308 Ι
593 3239 623 3292 ct
640 3253 690 3292 om.
709 3242 743 3292 Ι.
818 3242 852 3292 10
869 3237 999 3291 iniacrris
1017 3241 1052 3290 Ι.
1127 3241 1161 3290 14
1181 3255 1223 3291 on

201 3310 251 3365 sed
268 3309 388 3365 leones?
478 3315 512 3364 15
532 3311 561 3365 et
577 3325 670 3380 panca
687 3309 748 3364 114.
776 3325 815 3364 co
833 3310 863 3363 et
879 3307 962 3379 pardi
979 3309 1021 3363 cel
1038 3307 1221 3390 pantherae?

89 3433 90 3438 ,
201 3379 855 3465 414414141ςά444.444117101468846.
908 3451 913 3463 Ι
943 3384 976 3463 18
994 3379 1068 3462 pina
1083 3378 1127 3433 ll¹.
1155 3379 1224 3450 pria

200 3457 456 3579 ziz.pl1¹1³1²a³ss-'⁸oa.
481 3451 1224 3592 ..411141444341144111.

200 3592 269 3648 Boo.
379 3600 414 3650 18
432 3596 603 3667 praelongae
621 3599 685 3649 111.
717 3611 779 3666 -ges
797 3595 863 3650 1³⁸¹.
896 3611 943 3666 -ge
961 3593 999 3652 ⁸².
1031 3593 1073 3665 gi
1091 3597 1137 3648 do.
1165 3594 1222 3662 cfr.
1302 3613 1303 3636 ÷

201 3661 289 3718 Arist.
304 3664 328 3718 h.
344 3682 370 3720 44.
385 3669 443 3724 118
451 3685 483 3738 p.
494 3667 625 3738 50213,5
643 3665 705 3722 olor
723 3673 811 3737 χεῖρε(
830 3667 952 3736 μεγάλαι.
