2628 3950
499 197 705 252 PRAEFATIO
1043 221 1108 266 XXI

89 347 191 406 minus
206 331 371 421 sepfltaa
388 364 567 423 progressus
585 347 673 406 fieret
691 347 730 406 ad
748 347 1035 424 depravatissimam,
1056 349 1110 408 sed
1134 386 1135 391 κ

90 454 159 493 oum
178 435 338 494 brevitatis
357 452 448 494 causa
466 436 639 512 compendio
658 436 825 512 scripturae
843 438 945 496 uterer
965 441 996 497 et
1018 456 1108 514 pares

87 525 210 583 litteras
233 523 405 599 syllabasve
428 525 459 582 in
481 525 627 601 principio
651 526 760 584 autin
785 524 844 584 fine
873 526 1034 586 verborum
1061 546 1109 586 rc·

44 620 48 625 '
89 612 227 686 ciderem,
251 611 403 671 interdurn
420 631 481 673 non
502 616 588 689 potui
611 614 649 672 ab
672 614 725 674 illo
749 614 852 674 ordine
875 633 935 674 non
958 615 1105 677 recedere.

158 700 217 760 Sed
236 719 297 760 una
315 704 362 762 est
384 719 447 779 res,
470 703 553 762 cinus
577 705 612 762 ut
634 703 754 763 veniam
776 703 852 762 mihi
874 704 946 764 dent
968 705 1106 782 legentes

88 793 216 868 rogatos
233 791 340 850 velim:
363 791 611 868 inaequalitatem
633 791 699 852 dico
718 792 869 868 quandam
891 794 1106 870 commentarii,

89 897 182 956 quam
213 881 310 956 primo
343 882 467 955 aspectu
498 880 587 940 facilc
624 882 743 940 notabit
780 882 957 958 quicumque
989 883 1107 958 priores

88 970 183 1029 libros
207 987 275 1027 cum
288 969 515 1044 posterioribus
544 971 772 1046 comparaverit.
817 970 926 1030 horum
952 973 1033 1030 enim
1059 974 1107 1031 est

88 1057 185 1117 multo
218 1057 366 1134 copiosior
398 1077 488 1135 quam
519 1059 640 1119 illorum
672 1059 840 1132 adnotatio,
878 1077 954 1135 quae
986 1059 1107 1136 quidem

89 1146 260 1206 differentia
282 1149 355 1206 nata
378 1150 425 1206 est
450 1166 512 1208 non
538 1148 636 1208 solum
663 1167 699 1206 ex
726 1149 895 1208 accessione
924 1148 1033 1208 codicis
1061 1168 1107 1208 re-

90 1235 197 1312 scripti
214 1235 255 1312 M,
278 1235 363 1296 ouius
381 1237 523 1297 lectiones
546 1237 616 1296 inde
639 1237 754 1296 alibro
773 1236 817 1296 XI
834 1238 956 1312 praesto
981 1240 1052 1296 sunt
1075 1240 1106 1296 et

88 1324 333 1401 frequentissime
358 1343 376 1383 a
398 1327 505 1386 ceteris
529 1326 714 1402 discrepant,
742 1329 848 1386 verum
876 1325 970 1384 etiam
997 1345 1032 1386 ex
1060 1345 1105 1402 eo,

89 1414 170 1491 quod
199 1414 232 1472 in
259 1414 375 1473 ultimis
401 1415 487 1474 libris
516 1417 634 1474 mutato
663 1416 765 1491 aliqua
796 1434 832 1474 ex
861 1417 949 1490 parte
979 1415 1104 1474 consilio

88 1506 211 1580 praeter
229 1502 345 1563 codices
369 1504 461 1563 etiam
479 1505 625 1564 editiones
645 1504 815 1580 superiores
835 1506 1008 1563 constanter
1028 1523 1108 1563 com-

88 1593 262 1652 memoravi
299 1593 410 1652 mutati
431 1596 533 1652 autem
556 1593 672 1653 consilii
694 1594 769 1652 haec
792 1611 882 1651 causa
904 1593 971 1651 fuit.
1017 1592 1105 1652 initio

89 1681 178 1758 enim,
200 1701 238 1740 ne
257 1682 290 1740 in
305 1682 429 1740 nimiam
447 1683 677 1758 amplitudinem
695 1682 936 1764 commentarius,
948 1684 1105 1759 cresceret,

88 1773 211 1847 praeter
226 1770 361 1830 codicum
376 1772 540 1847 scripturas
554 1771 632 1832 nihil
646 1771 790 1830 adnotavi
802 1770 862 1830 nisi
880 1770 1105 1849 emendationes

88 1860 122 1920 in
144 1862 261 1918 textum
288 1863 425 1936 receptas
452 1879 602 1936 paucasve
633 1860 834 1936 coniecturas,
864 1875 947 1936 quas·
969 1877 1029 1918 non
1059 1859 1103 1918 in-

88 1949 271 2024 probabiles,
295 1948 348 2008 sed
365 1968 426 2009 non
443 1949 631 2025 recipiendas
649 1950 798 2025 ducerem,
822 1949 943 2024 additis,
966 1948 1019 2006 ubi
1037 1947 1104 2008 fieri

88 2040 222 2114 poterat,
251 2040 409 2096 auctorum
430 2039 616 2114 nominibus3
645 2055 721 2114 quae
744 2037 783 2096 ad
806 2039 922 2096 certum
950 2039 1105 2096 auctorem

87 2126 197 2185 referri
218 2144 279 2186 non
296 2129 445 2202 poterant,
470 2145 520 2186 eas
545 2127 767 2186 emendationes
790 2126 1021 2186 novissimorum
1045 2125 1106 2183 edi·

88 2218 191 2274 torum
209 2234 291 2274 more
310 2217 450 2292 apposita
467 2217 572 2275 littera
593 2235 612 2274 o
635 2215 803 2292 significavi
825 2233 842 2273 e
864 2207 992 2290 vulgata
1015 2231 1107 2288 quam

89 2305 193 2362 dicunt
211 2303 338 2363 lectione
356 2305 521 2364 translatas
545 2324 619 2364 esse.
646 2306 805 2381 vulgatam
823 2305 926 2362 autem
943 2302 1107 2361 lectionem

89 2411 158 2452 cum
187 2391 306 2468 Silligio
337 2383 409 2474 (vol.
432 2393 447 2452 Ι
469 2394 563 2470 praef.
587 2414 616 2469 p.
639 2385 759 2474 LXIII)
789 2391 1009 2467 intellegebant
1038 2409 1105 2450 earn

90 2500 180 2557 quam
207 2482 394 2558 Dalecampii
421 2482 512 2542 editio
540 2483 674 2559 exhibet3
707 2501 799 2559 quare
828 2499 866 2540 ne
897 2499 953 2556 ego
985 2479 1105 2556 quidem

89 2570 272 2630 vetustiores
291 2571 525 2647 Dalecampiana
544 2571 690 2630 editiones
708 2569 908 2646 inspiciendas
934 2587 1000 2628 esse
1019 2570 1105 2644 puta-

90 2677 202 2718 veram.
249 2663 339 2736 atque
363 2660 502 2719 adhunc
529 2660 652 2720 modurn
678 2660 769 2736 longe
796 2659 958 2717 maximam
984 2659 1106 2732 partem

91 2748 294 2808 adnotationis
325 2748 572 2826 conscripseram,
603 2749 804 2824 conscriptam
833 2747 1013 2822 typothetae
1042 2745 1106 2804 iam

91 2837 313 2913 mandaveram,
336 2855 404 2896 cum
426 2838 458 2896 in
480 2840 589 2914 quarta
612 2837 737 2914 plagula
760 2835 939 2912 corrigenda
961 2834 1107 2894 V11210

88 2925 122 2983 in
149 2926 343 3002 inscriptione
372 2925 486 2986 Graeca
512 2923 701 2986 Nausicratis
730 2943 839 2985 nomen
869 2923 1060 2983 emendatum
1087 2941 1107 2980 a

90 3014 207 3092 Silligio
225 3033 281 3090 per
304 3033 438 3074 errorem
456 3015 610 3092 Scaligero
633 3015 783 3074 tributum
806 3031 872 3073 esse
896 3011 1105 3071 animadverti.

88 3103 149 3161 iam
171 3123 240 3162 oum
263 3104 480 3164 emendationis
504 3105 658 3164 auctorem
681 3103 836 3180 requirens
863 3103 896 3160 in
921 3101 1109 3160 bibliotheca

89 3193 174 3268 regia
204 3193 351 3252 editiones
380 3193 604 3253 vetustissimas
639 3191 820 3252 evolvissem
854 3193 885 3250 st
913 3189 1104 3250 Nausicratis

88 3299 198 3340 nomen
215 3273 249 3362 (a
263 3281 421 3346 Theodora
436 3281 524 3357 Gaza,
542 3284 578 3341 ut
595 3281 670 3340 mihi
687 3280 816 3357 videtur,
834 3271 1025 3360 restitutum)
1044 3279 1106 3337 iem

88 3371 120 3428 in
142 3369 273 3429 editione
296 3370 414 3429 Veneta
436 3389 462 3430 a.
488 3373 573 3430 1472
598 3369 870 3446 deprehendissem,
894 3371 925 3428 et
947 3369 1024 3426 hano
1047 3367 1105 3424 Ve-

88 3461 190 3518 netam
222 3462 252 3518 et
282 3458 445 3519 editionem
472 3459 667 3518 Parmensem
697 3477 722 3518 a.
750 3460 847 3534 1476,
878 3457 1056 3531 ubicumque
1087 3473 1107 3513 a

89 3549 224 3607 codicum
243 3548 392 3623 scriptura
411 3547 615 3625 discesseram,
638 3548 755 3624 inspexi
774 3547 805 3604 et
828 3565 904 3622 quae
922 3546 954 3602 in
970 3543 1104 3620 plagulis

89 3636 268 3714 corrigenda
295 3640 381 3698 erant
409 3639 454 3696 ita
484 3637 610 3714 correxi,
642 3639 678 3696 ut
706 3637 841 3695 litteram
870 3653 888 3694 c
916 3633 954 3692 iis
986 3633 1106 3689 tantum
