<?xml version="1.0" encoding="UTF-8"?>
<!DOCTYPE html PUBLIC "-//W3C//DTD XHTML 1.0 Transitional//EN"
    "http://www.w3.org/TR/xhtml1/DTD/xhtml1-transitional.dtd">
<html xmlns="http://www.w3.org/1999/xhtml" xml:lang="en" lang="en">
 <head>
  <title>
</title>
<meta http-equiv="Content-Type" content="text/html;charset=utf-8" />
  <meta name='ocr-system' content='tesseract 3.04.00' />
  <meta name='ocr-capabilities' content='ocr_page ocr_carea ocr_par ocr_line ocrx_word'/>
</head>
<body>
  <div class='ocr_page' id='page_1' title='image "./cplinisecundina02mayhgoog_0265.png"; bbox 0 0 2636 3952; ppageno 0'>
   <div class='ocr_carea' id='block_1_1' title="bbox 154 91 836 160">
    <p class='ocr_par' dir='ltr' id='par_1_1' title="bbox 154 91 836 160">
     <span class='ocr_line' id='line_1_1' title="bbox 154 91 836 160; baseline -0.019 0"><span class='ocrx_word' id='word_1_1' title='bbox 154 96 220 160; x_wconf 77' lang='grc'><strong>220</strong></span> <span class='ocrx_word' id='word_1_2' title='bbox 512 94 541 149; x_wconf 80' lang='lat'><strong>0.</strong></span> <span class='ocrx_word' id='word_1_3' title='bbox 560 91 836 150; x_wconf 68' lang='lat' dir='ltr'><strong>PLINI&#39;SEOUNDI</strong></span> 
     </span>
    </p>
   </div>
   <div class='ocr_carea' id='block_1_2' title="bbox 100 229 1217 2894">
    <p class='ocr_par' dir='ltr' id='par_1_2' title="bbox 100 229 1217 2894">
     <span class='ocr_line' id='line_1_2' title="bbox 100 229 1174 326; baseline -0.002 -25"><span class='ocrx_word' id='word_1_4' title='bbox 100 252 134 301; x_wconf 81' lang='grc'><strong>46</strong></span> <span class='ocrx_word' id='word_1_5' title='bbox 221 236 295 326; x_wconf 83' lang='grc'>(16)</span> <span class='ocrx_word' id='word_1_6' title='bbox 327 243 418 304; x_wconf 86' lang='lat' dir='ltr'><strong>Fetus</strong></span> <span class='ocrx_word' id='word_1_7' title='bbox 441 260 570 322; x_wconf 91' lang='lat' dir='ltr'><strong>quonam</strong></span> <span class='ocrx_word' id='word_1_8' title='bbox 593 242 680 302; x_wconf 91' lang='lat' dir='ltr'><strong>modo</strong></span> <span class='ocrx_word' id='word_1_9' title='bbox 703 229 938 322; x_wconf 85' lang='lat' dir='ltr'><strong>progenerarcnt</strong></span> <span class='ocrx_word' id='word_1_10' title='bbox 960 257 1067 319; x_wconf 89' lang='lat' dir='ltr'><strong>magna</strong></span> <span class='ocrx_word' id='word_1_11' title='bbox 1090 242 1174 300; x_wconf 88' lang='lat' dir='ltr'><strong>inter</strong></span> 
     </span>
     <span class='ocr_line' id='line_1_3' title="bbox 155 331 1170 410; baseline -0.002 -18"><span class='ocrx_word' id='word_1_12' title='bbox 155 332 289 393; x_wconf 89' lang='lat' dir='ltr'><strong>eruditos</strong></span> <span class='ocrx_word' id='word_1_13' title='bbox 313 339 343 392; x_wconf 87' lang='lat' dir='ltr'><strong>et</strong></span> <span class='ocrx_word' id='word_1_14' title='bbox 362 331 478 392; x_wconf 88' lang='lat' dir='ltr'><strong>subtilis</strong></span> <span class='ocrx_word' id='word_1_15' title='bbox 497 332 554 392; x_wconf 88' lang='lat' dir='ltr'><strong>fuit</strong></span> <span class='ocrx_word' id='word_1_16' title='bbox 573 333 717 410; x_wconf 78' lang='lat' dir='ltr'><strong>quaestio.</strong></span> <span class='ocrx_word' id='word_1_17' title='bbox 754 331 854 408; x_wconf 91' lang='lat' dir='ltr'><strong>apium</strong></span> <span class='ocrx_word' id='word_1_18' title='bbox 873 331 953 389; x_wconf 90' lang='lat' dir='ltr'><strong>enim</strong></span> <span class='ocrx_word' id='word_1_19' title='bbox 972 331 1069 389; x_wconf 90' lang='lat' dir='ltr'><strong>coitus</strong></span> <span class='ocrx_word' id='word_1_20' title='bbox 1087 331 1170 390; x_wconf 88' lang='lat' dir='ltr'><strong>visus</strong></span> 
     </span>
     <span class='ocr_line' id='line_1_4' title="bbox 129 417 1171 501; baseline -0.002 -21"><span class='ocrx_word' id='word_1_21' title='bbox 129 429 201 481; x_wconf 81' lang='lat' dir='ltr'><strong>est</strong></span> <span class='ocrx_word' id='word_1_22' title='bbox 230 439 400 500; x_wconf 84' lang='lat' dir='ltr'><strong>numquam.</strong></span> <span class='ocrx_word' id='word_1_23' title='bbox 451 420 553 501; x_wconf 89' lang='lat' dir='ltr'><strong>plures</strong></span> <span class='ocrx_word' id='word_1_24' title='bbox 584 421 789 480; x_wconf 82' lang='lat' dir='ltr'><strong>existimavere</strong></span> <span class='ocrx_word' id='word_1_25' title='bbox 813 436 865 478; x_wconf 90' lang='lat' dir='ltr'><strong>ore</strong></span> <span class='ocrx_word' id='word_1_26' title='bbox 894 419 1023 496; x_wconf 87' lang='lat' dir='ltr'><strong>contingi</strong></span> <span class='ocrx_word' id='word_1_27' title='bbox 1045 417 1171 478; x_wconf 87' lang='lat' dir='ltr'><strong>floribus</strong></span> 
     </span>
     <span class='ocr_line' id='line_1_5' title="bbox 155 507 1169 589; baseline -0.004 -19"><span class='ocrx_word' id='word_1_28' title='bbox 155 512 335 588; x_wconf 91' lang='lat' dir='ltr'><strong>compositos</strong></span> <span class='ocrx_word' id='word_1_29' title='bbox 355 517 421 587; x_wconf 89' lang='lat' dir='ltr'><strong>apte</strong></span> <span class='ocrx_word' id='word_1_30' title='bbox 441 516 529 587; x_wconf 92' lang='lat' dir='ltr'><strong>atque</strong></span> <span class='ocrx_word' id='word_1_31' title='bbox 553 507 675 589; x_wconf 78' lang='lat' dir='ltr'><strong>utiliter,</strong></span> <span class='ocrx_word' id='word_1_32' title='bbox 699 507 789 586; x_wconf 88' lang='lat' dir='ltr'><strong>aliqui</strong></span> <span class='ocrx_word' id='word_1_33' title='bbox 813 509 894 566; x_wconf 88' lang='lat' dir='ltr'><strong>coitu</strong></span> <span class='ocrx_word' id='word_1_34' title='bbox 917 509 1017 587; x_wconf 94' lang='lat' dir='ltr'><strong>unius,</strong></span> <span class='ocrx_word' id='word_1_35' title='bbox 1042 508 1093 584; x_wconf 91' lang='lat' dir='ltr'><strong>qui</strong></span> <span class='ocrx_word' id='word_1_36' title='bbox 1116 525 1169 566; x_wconf 87' lang='lat' dir='ltr'><strong>rex</strong></span> 
     </span>
     <span class='ocr_line' id='line_1_6' title="bbox 154 595 1203 677; baseline -0.006 -20"><span class='ocrx_word' id='word_1_37' title='bbox 154 601 185 657; x_wconf 93' lang='lat' dir='ltr'><strong>in</strong></span> <span class='ocrx_word' id='word_1_38' title='bbox 209 616 328 676; x_wconf 92' lang='lat' dir='ltr'><strong>quoque</strong></span> <span class='ocrx_word' id='word_1_39' title='bbox 352 596 517 677; x_wconf 80' lang='lat' dir='ltr'><strong>appelletur</strong></span> <span class='ocrx_word' id='word_1_40' title='bbox 540 598 682 656; x_wconf 91' lang='lat' dir='ltr'><strong>examine.</strong></span> <span class='ocrx_word' id='word_1_41' title='bbox 728 595 808 656; x_wconf 90' lang='lat' dir='ltr'><strong>hunc</strong></span> <span class='ocrx_word' id='word_1_42' title='bbox 833 613 898 654; x_wconf 89' lang='lat' dir='ltr'><strong>esse</strong></span> <span class='ocrx_word' id='word_1_43' title='bbox 922 595 1018 654; x_wconf 89' lang='lat' dir='ltr'><strong>solum</strong></span> <span class='ocrx_word' id='word_1_44' title='bbox 1047 605 1203 675; x_wconf 71' lang='lat' dir='ltr'><strong>marem,o</strong></span> 
     </span>
     <span class='ocr_line' id='line_1_7' title="bbox 154 683 1170 766; baseline -0.003 -22"><span class='ocrx_word' id='word_1_45' title='bbox 154 689 312 765; x_wconf 92' lang='lat' dir='ltr'><strong>praecipua</strong></span> <span class='ocrx_word' id='word_1_46' title='bbox 341 686 556 766; x_wconf 81' lang='lat' dir='ltr'><strong>magnitudine,</strong></span> <span class='ocrx_word' id='word_1_47' title='bbox 585 703 622 745; x_wconf 91' lang='lat' dir='ltr'><strong>ne</strong></span> <span class='ocrx_word' id='word_1_48' title='bbox 650 685 775 762; x_wconf 79' lang='lat' dir='ltr'><strong>fatiscat.</strong></span> <span class='ocrx_word' id='word_1_49' title='bbox 825 683 892 744; x_wconf 90' lang='lat' dir='ltr'><strong>ideo</strong></span> <span class='ocrx_word' id='word_1_50' title='bbox 920 684 1015 744; x_wconf 84' lang='lat' dir='ltr'><strong>letum</strong></span> <span class='ocrx_word' id='word_1_51' title='bbox 1042 685 1106 743; x_wconf 90' lang='lat' dir='ltr'><strong>sine</strong></span> <span class='ocrx_word' id='word_1_52' title='bbox 1135 700 1170 742; x_wconf 90' lang='lat' dir='ltr'><strong>eo</strong></span> 
     </span>
     <span class='ocr_line' id='line_1_8' title="bbox 154 773 1169 855; baseline -0.002 -22"><span class='ocrx_word' id='word_1_53' title='bbox 154 793 215 834; x_wconf 89' lang='lat' dir='ltr'><strong>non</strong></span> <span class='ocrx_word' id='word_1_54' title='bbox 238 774 296 855; x_wconf 89' lang='lat' dir='ltr'><strong>edi,</strong></span> <span class='ocrx_word' id='word_1_55' title='bbox 319 792 448 853; x_wconf 89' lang='lat' dir='ltr'><strong>apesque</strong></span> <span class='ocrx_word' id='word_1_56' title='bbox 471 774 601 851; x_wconf 89' lang='lat' dir='ltr'><strong>reliquas</strong></span> <span class='ocrx_word' id='word_1_57' title='bbox 623 781 773 851; x_wconf 89' lang='lat' dir='ltr'><strong>tamquam</strong></span> <span class='ocrx_word' id='word_1_58' title='bbox 797 789 909 832; x_wconf 90' lang='lat' dir='ltr'><strong>marem</strong></span> <span class='ocrx_word' id='word_1_59' title='bbox 931 773 1056 832; x_wconf 85' lang='lat' dir='ltr'><strong>feminas</strong></span> <span class='ocrx_word' id='word_1_60' title='bbox 1080 773 1169 832; x_wconf 88' lang='lat' dir='ltr'><strong>comi-</strong></span> 
     </span>
     <span class='ocr_line' id='line_1_9' title="bbox 154 858 1170 943; baseline -0.003 -21"><span class='ocrx_word' id='word_1_61' title='bbox 154 864 224 943; x_wconf 90' lang='lat' dir='ltr'><strong>tari,</strong></span> <span class='ocrx_word' id='word_1_62' title='bbox 251 880 311 922; x_wconf 93' lang='lat' dir='ltr'><strong>non</strong></span> <span class='ocrx_word' id='word_1_63' title='bbox 339 871 489 941; x_wconf 90' lang='lat' dir='ltr'><strong>tamquam</strong></span> <span class='ocrx_word' id='word_1_64' title='bbox 516 862 632 923; x_wconf 91' lang='lat' dir='ltr'><strong>ducem.</strong></span> <span class='ocrx_word' id='word_1_65' title='bbox 679 879 767 941; x_wconf 89' lang='lat' dir='ltr'><strong>quam</strong></span> <span class='ocrx_word' id='word_1_66' title='bbox 794 858 977 940; x_wconf 88' lang='lat' dir='ltr'><strong>probabilem</strong></span> <span class='ocrx_word' id='word_1_67' title='bbox 1005 858 1076 920; x_wconf 88' lang='lat' dir='ltr'><strong>alias</strong></span> <span class='ocrx_word' id='word_1_68' title='bbox 1104 877 1170 920; x_wconf 89' lang='lat' dir='ltr'><strong>sen·</strong></span> 
     </span>
     <span class='ocr_line' id='line_1_10' title="bbox 154 950 1181 1034; baseline -0.004 -23"><span class='ocrx_word' id='word_1_69' title='bbox 154 954 277 1011; x_wconf 91' lang='lat' dir='ltr'><strong>tentiam</strong></span> <span class='ocrx_word' id='word_1_70' title='bbox 300 951 438 1034; x_wconf 82' lang='lat' dir='ltr'><strong>lucorum</strong></span> <span class='ocrx_word' id='word_1_71' title='bbox 460 959 623 1030; x_wconf 89' lang='lat' dir='ltr'><strong>proventus</strong></span> <span class='ocrx_word' id='word_1_72' title='bbox 647 953 789 1029; x_wconf 87' lang='lat' dir='ltr'><strong>coarguit.</strong></span> <span class='ocrx_word' id='word_1_73' title='bbox 835 967 910 1027; x_wconf 91' lang='lat' dir='ltr'><strong>quae</strong></span> <span class='ocrx_word' id='word_1_74' title='bbox 935 951 1014 1009; x_wconf 91' lang='lat' dir='ltr'><strong>enim</strong></span> <span class='ocrx_word' id='word_1_75' title='bbox 1037 950 1113 1009; x_wconf 83' lang='lat' dir='ltr'><strong>ratio</strong></span> <span class='ocrx_word' id='word_1_76' title='bbox 1136 954 1181 1030; x_wconf 23' lang='lat' dir='ltr'><strong>ut,</strong></span> 
     </span>
     <span class='ocr_line' id='line_1_11' title="bbox 100 1035 1217 1119; baseline -0.002 -25"><span class='ocrx_word' id='word_1_77' title='bbox 100 1046 134 1094; x_wconf 73' lang='lat'><strong>47</strong></span> <span class='ocrx_word' id='word_1_78' title='bbox 153 1039 233 1100; x_wconf 92' lang='lat' dir='ltr'><strong>idem</strong></span> <span class='ocrx_word' id='word_1_79' title='bbox 256 1042 352 1100; x_wconf 90' lang='lat' dir='ltr'><strong>coitus</strong></span> <span class='ocrx_word' id='word_1_80' title='bbox 375 1039 557 1119; x_wconf 83' lang='lat' dir='ltr'><strong>inperfectos</strong></span> <span class='ocrx_word' id='word_1_81' title='bbox 576 1048 699 1118; x_wconf 82' lang='lat' dir='ltr'><strong>generet</strong></span> <span class='ocrx_word' id='word_1_82' title='bbox 722 1035 816 1098; x_wconf 78' lang='lat' dir='ltr'><strong>alios?</strong></span> <span class='ocrx_word' id='word_1_83' title='bbox 848 1041 970 1118; x_wconf 86' lang='lat' dir='ltr'><strong>propior</strong></span> <span class='ocrx_word' id='word_1_84' title='bbox 993 1055 1064 1118; x_wconf 82' lang='lat' dir='ltr'><strong>vero</strong></span> <span class='ocrx_word' id='word_1_85' title='bbox 1087 1038 1170 1116; x_wconf 92' lang='lat' dir='ltr'><strong>prior</strong></span> <span class='ocrx_word' id='word_1_86' title='bbox 1185 1050 1217 1092; x_wconf 77' lang='lat' dir='ltr'><strong>ro</strong></span> 
     </span>
     <span class='ocr_line' id='line_1_12' title="bbox 154 1126 1170 1208; baseline -0.003 -21"><span class='ocrx_word' id='word_1_87' title='bbox 154 1129 331 1189; x_wconf 85' lang='lat' dir='ltr'><strong>existimatio</strong></span> <span class='ocrx_word' id='word_1_88' title='bbox 364 1129 465 1208; x_wconf 88' lang='lat' dir='ltr'><strong>lieret,</strong></span> <span class='ocrx_word' id='word_1_89' title='bbox 497 1131 528 1188; x_wconf 91' lang='lat' dir='ltr'><strong>ni</strong></span> <span class='ocrx_word' id='word_1_90' title='bbox 560 1146 667 1188; x_wconf 89' lang='lat' dir='ltr'><strong>rursus</strong></span> <span class='ocrx_word' id='word_1_91' title='bbox 699 1126 754 1187; x_wconf 91' lang='lat' dir='ltr'><strong>alia</strong></span> <span class='ocrx_word' id='word_1_92' title='bbox 791 1127 950 1188; x_wconf 85' lang='lat' dir='ltr'><strong>difficultas</strong></span> <span class='ocrx_word' id='word_1_93' title='bbox 987 1131 1170 1208; x_wconf 79' lang='lat' dir='ltr'><strong>occurreret.</strong></span> 
     </span>
     <span class='ocr_line' id='line_1_13' title="bbox 154 1216 1170 1296; baseline -0.003 -21"><span class='ocrx_word' id='word_1_94' title='bbox 154 1219 264 1296; x_wconf 91' lang='lat' dir='ltr'><strong>quippe</strong></span> <span class='ocrx_word' id='word_1_95' title='bbox 288 1224 454 1278; x_wconf 89' lang='lat' dir='ltr'><strong>nascuntur</strong></span> <span class='ocrx_word' id='word_1_96' title='bbox 476 1216 633 1294; x_wconf 91' lang='lat' dir='ltr'><strong>aliquando</strong></span> <span class='ocrx_word' id='word_1_97' title='bbox 655 1219 687 1276; x_wconf 93' lang='lat' dir='ltr'><strong>in</strong></span> <span class='ocrx_word' id='word_1_98' title='bbox 716 1217 856 1277; x_wconf 82' lang='lat' dir='ltr'><strong>extremis</strong></span> <span class='ocrx_word' id='word_1_99' title='bbox 884 1216 957 1275; x_wconf 86' lang='lat' dir='ltr'><strong>lavis</strong></span> <span class='ocrx_word' id='word_1_100' title='bbox 986 1233 1056 1294; x_wconf 91' lang='lat' dir='ltr'><strong>apes</strong></span> <span class='ocrx_word' id='word_1_101' title='bbox 1083 1231 1170 1292; x_wconf 86' lang='lat' dir='ltr'><strong>gran·</strong></span> 
     </span>
     <span class='ocr_line' id='line_1_14' title="bbox 154 1301 1171 1384; baseline -0.004 -20"><span class='ocrx_word' id='word_1_102' title='bbox 154 1304 253 1364; x_wconf 89' lang='lat' dir='ltr'><strong>diores</strong></span> <span class='ocrx_word' id='word_1_103' title='bbox 277 1324 353 1383; x_wconf 92' lang='lat' dir='ltr'><strong>quae</strong></span> <span class='ocrx_word' id='word_1_104' title='bbox 377 1313 492 1365; x_wconf 88' lang='lat' dir='ltr'><strong>ceteras</strong></span> <span class='ocrx_word' id='word_1_105' title='bbox 515 1305 628 1384; x_wconf 57' lang='lat' dir='ltr'><strong>fugant?</strong></span> <span class='ocrx_word' id='word_1_106' title='bbox 673 1312 791 1365; x_wconf 89' lang='lat' dir='ltr'><strong>oestrus</strong></span> <span class='ocrx_word' id='word_1_107' title='bbox 814 1311 938 1364; x_wconf 88' lang='lat' dir='ltr'><strong>vocatur</strong></span> <span class='ocrx_word' id='word_1_108' title='bbox 964 1303 1022 1364; x_wconf 95' lang='lat' dir='ltr'><strong>hoc</strong></span> <span class='ocrx_word' id='word_1_109' title='bbox 1049 1301 1171 1381; x_wconf 89' lang='lat' dir='ltr'><strong>malum,</strong></span> 
     </span>
     <span class='ocr_line' id='line_1_15' title="bbox 100 1389 1171 1474; baseline 0.001 -26"><span class='ocrx_word' id='word_1_110' title='bbox 100 1399 135 1448; x_wconf 86' lang='lat'><strong>48</strong></span> <span class='ocrx_word' id='word_1_111' title='bbox 154 1410 283 1470; x_wconf 90' lang='lat' dir='ltr'><strong>quonam</strong></span> <span class='ocrx_word' id='word_1_112' title='bbox 311 1393 399 1453; x_wconf 95' lang='lat' dir='ltr'><strong>modo</strong></span> <span class='ocrx_word' id='word_1_113' title='bbox 427 1410 568 1474; x_wconf 87' lang='lat' dir='ltr'><strong>nascens,</strong></span> <span class='ocrx_word' id='word_1_114' title='bbox 599 1395 624 1452; x_wconf 90' lang='lat' dir='ltr'><strong>si</strong></span> <span class='ocrx_word' id='word_1_115' title='bbox 652 1395 732 1473; x_wconf 88' lang='lat' dir='ltr'><strong>ipsae</strong></span> <span class='ocrx_word' id='word_1_116' title='bbox 761 1389 899 1471; x_wconf 78' lang='lat' dir='ltr'><strong>lingunt?</strong></span> <span class='ocrx_word' id='word_1_117' title='bbox 944 1391 1025 1471; x_wconf 92' lang='lat' dir='ltr'><strong>quod</strong></span> <span class='ocrx_word' id='word_1_118' title='bbox 1053 1397 1171 1451; x_wconf 91' lang='lat' dir='ltr'><strong>certum</strong></span> 
     </span>
     <span class='ocr_line' id='line_1_16' title="bbox 154 1480 1217 1562; baseline -0.003 -22"><span class='ocrx_word' id='word_1_119' title='bbox 154 1488 213 1562; x_wconf 89' lang='lat' dir='ltr'><strong>est,</strong></span> <span class='ocrx_word' id='word_1_120' title='bbox 242 1481 417 1560; x_wconf 83' lang='lat' dir='ltr'><strong>gallinarum</strong></span> <span class='ocrx_word' id='word_1_121' title='bbox 447 1482 535 1541; x_wconf 93' lang='lat' dir='ltr'><strong>modo</strong></span> <span class='ocrx_word' id='word_1_122' title='bbox 565 1480 716 1542; x_wconf 88' lang='lat' dir='ltr'><strong>incubant.</strong></span> <span class='ocrx_word' id='word_1_123' title='bbox 767 1481 797 1541; x_wconf 92' lang='lat' dir='ltr'><strong>id</strong></span> <span class='ocrx_word' id='word_1_124' title='bbox 828 1482 908 1560; x_wconf 92' lang='lat' dir='ltr'><strong>quod</strong></span> <span class='ocrx_word' id='word_1_125' title='bbox 940 1480 1094 1542; x_wconf 90' lang='lat' dir='ltr'><strong>exclusum</strong></span> <span class='ocrx_word' id='word_1_126' title='bbox 1124 1485 1217 1538; x_wconf 77' lang='lat' dir='ltr'><strong>est15</strong></span> 
     </span>
     <span class='ocr_line' id='line_1_17' title="bbox 153 1567 1170 1651; baseline -0.002 -23"><span class='ocrx_word' id='word_1_127' title='bbox 153 1571 250 1647; x_wconf 92' lang='lat' dir='ltr'><strong>primo</strong></span> <span class='ocrx_word' id='word_1_128' title='bbox 274 1569 454 1630; x_wconf 88' lang='lat' dir='ltr'><strong>vermiculus</strong></span> <span class='ocrx_word' id='word_1_129' title='bbox 472 1570 590 1631; x_wconf 84' lang='lat' dir='ltr'><strong>videtur</strong></span> <span class='ocrx_word' id='word_1_130' title='bbox 610 1570 762 1651; x_wconf 90' lang='lat' dir='ltr'><strong>candidus,</strong></span> <span class='ocrx_word' id='word_1_131' title='bbox 785 1572 885 1631; x_wconf 86' lang='lat' dir='ltr'><strong>iacens</strong></span> <span class='ocrx_word' id='word_1_132' title='bbox 908 1577 1098 1632; x_wconf 89' lang='lat' dir='ltr'><strong>transversus</strong></span> <span class='ocrx_word' id='word_1_133' title='bbox 1121 1567 1170 1626; x_wconf 88' lang='lat' dir='ltr'><strong>ad·</strong></span> 
     </span>
     <span class='ocr_line' id='line_1_18' title="bbox 153 1655 1170 1737; baseline -0.002 -21"><span class='ocrx_word' id='word_1_134' title='bbox 153 1657 340 1735; x_wconf 89' lang='lat' dir='ltr'><strong>haerensque</strong></span> <span class='ocrx_word' id='word_1_135' title='bbox 364 1661 405 1718; x_wconf 93' lang='lat' dir='ltr'><strong>ita</strong></span> <span class='ocrx_word' id='word_1_136' title='bbox 428 1665 462 1718; x_wconf 89' lang='lat' dir='ltr'><strong>ut</strong></span> <span class='ocrx_word' id='word_1_137' title='bbox 484 1676 554 1737; x_wconf 90' lang='lat' dir='ltr'><strong>pars</strong></span> <span class='ocrx_word' id='word_1_138' title='bbox 578 1677 664 1719; x_wconf 89' lang='lat' dir='ltr'><strong>cerae</strong></span> <span class='ocrx_word' id='word_1_139' title='bbox 687 1659 831 1720; x_wconf 87' lang='lat' dir='ltr'><strong>videatur.</strong></span> <span class='ocrx_word' id='word_1_140' title='bbox 869 1677 923 1719; x_wconf 93' lang='lat' dir='ltr'><strong>rex</strong></span> <span class='ocrx_word' id='word_1_141' title='bbox 947 1661 1048 1720; x_wconf 90' lang='lat' dir='ltr'><strong>statim</strong></span> <span class='ocrx_word' id='word_1_142' title='bbox 1071 1655 1170 1717; x_wconf 90' lang='lat' dir='ltr'><strong>mellei</strong></span> 
     </span>
     <span class='ocr_line' id='line_1_19' title="bbox 153 1745 1169 1829; baseline -0.002 -25"><span class='ocrx_word' id='word_1_143' title='bbox 153 1745 276 1826; x_wconf 81' lang='lat' dir='ltr'><strong>colmie,</strong></span> <span class='ocrx_word' id='word_1_144' title='bbox 299 1754 333 1806; x_wconf 93' lang='lat' dir='ltr'><strong>ut</strong></span> <span class='ocrx_word' id='word_1_145' title='bbox 357 1746 452 1807; x_wconf 92' lang='lat' dir='ltr'><strong>electo</strong></span> <span class='ocrx_word' id='word_1_146' title='bbox 475 1747 548 1808; x_wconf 87' lang='lat' dir='ltr'><strong>llore</strong></span> <span class='ocrx_word' id='word_1_147' title='bbox 573 1767 609 1808; x_wconf 90' lang='lat' dir='ltr'><strong>ex</strong></span> <span class='ocrx_word' id='word_1_148' title='bbox 633 1749 713 1808; x_wconf 89' lang='lat' dir='ltr'><strong>omni</strong></span> <span class='ocrx_word' id='word_1_149' title='bbox 737 1751 820 1827; x_wconf 90' lang='lat' dir='ltr'><strong>copia</strong></span> <span class='ocrx_word' id='word_1_150' title='bbox 843 1748 954 1829; x_wconf 86' lang='lat' dir='ltr'><strong>factus,</strong></span> <span class='ocrx_word' id='word_1_151' title='bbox 982 1765 1080 1825; x_wconf 90' lang='lat' dir='ltr'><strong>neque</strong></span> <span class='ocrx_word' id='word_1_152' title='bbox 1104 1761 1169 1804; x_wconf 87' lang='lat' dir='ltr'><strong>ver-</strong></span> 
     </span>
     <span class='ocr_line' id='line_1_20' title="bbox 154 1833 1169 1916; baseline 0 -24"><span class='ocrx_word' id='word_1_153' title='bbox 154 1833 295 1916; x_wconf 86' lang='lat' dir='ltr'><strong>miculus,</strong></span> <span class='ocrx_word' id='word_1_154' title='bbox 323 1835 375 1896; x_wconf 91' lang='lat' dir='ltr'><strong>sed</strong></span> <span class='ocrx_word' id='word_1_155' title='bbox 404 1837 503 1896; x_wconf 90' lang='lat' dir='ltr'><strong>statim</strong></span> <span class='ocrx_word' id='word_1_156' title='bbox 526 1838 671 1915; x_wconf 89' lang='lat' dir='ltr'><strong>pinniger.</strong></span> <span class='ocrx_word' id='word_1_157' title='bbox 717 1844 817 1896; x_wconf 88' lang='lat' dir='ltr'><strong>cetera</strong></span> <span class='ocrx_word' id='word_1_158' title='bbox 840 1837 928 1898; x_wconf 85' lang='lat' dir='ltr'><strong>turba</strong></span> <span class='ocrx_word' id='word_1_159' title='bbox 952 1854 1021 1898; x_wconf 90' lang='lat' dir='ltr'><strong>cum</strong></span> <span class='ocrx_word' id='word_1_160' title='bbox 1044 1835 1169 1896; x_wconf 83' lang='lat' dir='ltr'><strong>formam</strong></span> 
     </span>
     <span class='ocr_line' id='line_1_21' title="bbox 154 1924 1214 2006; baseline -0.001 -24"><span class='ocrx_word' id='word_1_161' title='bbox 154 1940 260 2002; x_wconf 91' lang='lat' dir='ltr'><strong>capere</strong></span> <span class='ocrx_word' id='word_1_162' title='bbox 279 1927 392 2004; x_wconf 91' lang='lat' dir='ltr'><strong>coepit,</strong></span> <span class='ocrx_word' id='word_1_163' title='bbox 415 1924 560 2004; x_wconf 84' lang='lat' dir='ltr'><strong>nymphae</strong></span> <span class='ocrx_word' id='word_1_164' title='bbox 583 1932 737 2006; x_wconf 81' lang='lat' dir='ltr'><strong>vocantur,</strong></span> <span class='ocrx_word' id='word_1_165' title='bbox 759 1932 793 1985; x_wconf 87' lang='lat' dir='ltr'><strong>ut</strong></span> <span class='ocrx_word' id='word_1_166' title='bbox 816 1925 877 1986; x_wconf 85' lang='lat' dir='ltr'><strong>luci</strong></span> <span class='ocrx_word' id='word_1_167' title='bbox 901 1943 1026 1987; x_wconf 86' lang='lat' dir='ltr'><strong>serenes.</strong></span> <span class='ocrx_word' id='word_1_168' title='bbox 1047 1930 1099 1985; x_wconf 90' lang='lat' dir='ltr'><strong>aut</strong></span> <span class='ocrx_word' id='word_1_169' title='bbox 1122 1939 1166 1982; x_wconf 87' lang='lat' dir='ltr'><strong>ce·</strong></span> <span class='ocrx_word' id='word_1_170' title='bbox 1182 1933 1214 1975; x_wconf 72' lang='lat' dir='ltr'><strong>to</strong></span> 
     </span>
     <span class='ocr_line' id='line_1_22' title="bbox 100 2004 1170 2095; baseline 0.002 -29"><span class='ocrx_word' id='word_1_171' title='bbox 100 2017 134 2066; x_wconf 85' lang='lat'><strong>49</strong></span> <span class='ocrx_word' id='word_1_172' title='bbox 153 2009 274 2090; x_wconf 90' lang='lat' dir='ltr'><strong>phenes.</strong></span> <span class='ocrx_word' id='word_1_173' title='bbox 312 2015 423 2092; x_wconf 82' lang='lat' dir='ltr'><strong>si&#39;quis</strong></span> <span class='ocrx_word' id='word_1_174' title='bbox 443 2004 594 2074; x_wconf 79' lang='lat' dir='ltr'><strong>alterutris</strong></span> <span class='ocrx_word' id='word_1_175' title='bbox 618 2015 713 2093; x_wconf 89' lang='lat' dir='ltr'><strong>capita</strong></span> <span class='ocrx_word' id='word_1_176' title='bbox 737 2014 835 2074; x_wconf 89' lang='lat' dir='ltr'><strong>demat</strong></span> <span class='ocrx_word' id='word_1_177' title='bbox 852 2018 937 2095; x_wconf 92' lang='lat' dir='ltr'><strong>prius</strong></span> <span class='ocrx_word' id='word_1_178' title='bbox 956 2031 1046 2094; x_wconf 92' lang='lat' dir='ltr'><strong>quam</strong></span> <span class='ocrx_word' id='word_1_179' title='bbox 1062 2013 1170 2091; x_wconf 88' lang='lat' dir='ltr'><strong>pinnas</strong></span> 
     </span>
     <span class='ocr_line' id='line_1_23' title="bbox 153 2093 1170 2182; baseline -0.001 -24"><span class='ocrx_word' id='word_1_180' title='bbox 153 2097 293 2181; x_wconf 84' lang='lat' dir='ltr'><strong>habeant,</strong></span> <span class='ocrx_word' id='word_1_181' title='bbox 320 2119 376 2181; x_wconf 91' lang='lat' dir='ltr'><strong>pro</strong></span> <span class='ocrx_word' id='word_1_182' title='bbox 404 2093 572 2180; x_wconf 86' lang='lat' dir='ltr'><strong>gratissimo</strong></span> <span class='ocrx_word' id='word_1_183' title='bbox 601 2111 671 2163; x_wconf 90' lang='lat' dir='ltr'><strong>sunt</strong></span> <span class='ocrx_word' id='word_1_184' title='bbox 697 2101 806 2182; x_wconf 90' lang='lat' dir='ltr'><strong>pabulo</strong></span> <span class='ocrx_word' id='word_1_185' title='bbox 834 2103 988 2165; x_wconf 87' lang='lat' dir='ltr'><strong>matribus.</strong></span> <span class='ocrx_word' id='word_1_186' title='bbox 1034 2109 1170 2179; x_wconf 87' lang='lat' dir='ltr'><strong>tempore</strong></span> 
     </span>
     <span class='ocr_line' id='line_1_24' title="bbox 152 2189 1169 2275; baseline -0.001 -28"><span class='ocrx_word' id='word_1_187' title='bbox 152 2189 334 2266; x_wconf 89' lang='lat' dir='ltr'><strong>procedente</strong></span> <span class='ocrx_word' id='word_1_188' title='bbox 361 2189 506 2251; x_wconf 90' lang='lat' dir='ltr'><strong>instillant</strong></span> <span class='ocrx_word' id='word_1_189' title='bbox 534 2190 616 2251; x_wconf 84' lang='lat' dir='ltr'><strong>cibos</strong></span> <span class='ocrx_word' id='word_1_190' title='bbox 645 2200 733 2270; x_wconf 90' lang='lat' dir='ltr'><strong>atque</strong></span> <span class='ocrx_word' id='word_1_191' title='bbox 762 2191 918 2275; x_wconf 90' lang='lat' dir='ltr'><strong>incubant,</strong></span> <span class='ocrx_word' id='word_1_192' title='bbox 949 2200 1015 2253; x_wconf 90' lang='lat' dir='ltr'><strong>tum</strong></span> <span class='ocrx_word' id='word_1_193' title='bbox 1035 2191 1169 2262; x_wconf 71' lang='lat' dir='ltr'><strong>,maxime</strong></span> 
     </span>
     <span class='ocr_line' id='line_1_25' title="bbox 153 2270 1171 2360; baseline 0 -25"><span class='ocrx_word' id='word_1_194' title='bbox 153 2285 383 2357; x_wconf 88' lang='lat' dir='ltr'><strong>murmurantes,</strong></span> <span class='ocrx_word' id='word_1_195' title='bbox 407 2278 523 2360; x_wconf 87' lang='lat' dir='ltr'><strong>caloris,</strong></span> <span class='ocrx_word' id='word_1_196' title='bbox 546 2288 580 2340; x_wconf 93' lang='lat' dir='ltr'><strong>ut</strong></span> <span class='ocrx_word' id='word_1_197' title='bbox 602 2279 717 2360; x_wconf 86' lang='lat' dir='ltr'><strong>putant,</strong></span> <span class='ocrx_word' id='word_1_198' title='bbox 739 2270 867 2341; x_wconf 87' lang='lat' dir='ltr'><strong>faciendi</strong></span> <span class='ocrx_word' id='word_1_199' title='bbox 889 2284 984 2360; x_wconf 90' lang='lat' dir='ltr'><strong>gratia</strong></span> <span class='ocrx_word' id='word_1_200' title='bbox 1006 2276 1171 2340; x_wconf 89' lang='lat' dir='ltr'><strong>necessarii</strong></span> 
     </span>
     <span class='ocr_line' id='line_1_26' title="bbox 153 2364 1215 2449; baseline 0 -27"><span class='ocrx_word' id='word_1_201' title='bbox 153 2364 345 2430; x_wconf 88' lang='lat' dir='ltr'><strong>excludendis</strong></span> <span class='ocrx_word' id='word_1_202' title='bbox 367 2366 470 2448; x_wconf 87' lang='lat' dir='ltr'><strong>pullis,</strong></span> <span class='ocrx_word' id='word_1_203' title='bbox 494 2367 588 2429; x_wconf 92' lang='lat' dir='ltr'><strong>donec</strong></span> <span class='ocrx_word' id='word_1_204' title='bbox 604 2371 708 2447; x_wconf 83' lang='lat' dir='ltr'><strong>ruptis</strong></span> <span class='ocrx_word' id='word_1_205' title='bbox 731 2369 912 2430; x_wconf 88' lang='lat' dir='ltr'><strong>membranis</strong></span> <span class='ocrx_word' id='word_1_206' title='bbox 936 2387 1012 2449; x_wconf 88' lang='lat' dir='ltr'><strong>quae</strong></span> <span class='ocrx_word' id='word_1_207' title='bbox 1036 2365 1170 2445; x_wconf 88' lang='lat' dir='ltr'><strong>singulos</strong></span> <span class='ocrx_word' id='word_1_208' title='bbox 1185 2379 1215 2422; x_wconf 78' lang='lat' dir='ltr'><strong>aa</strong></span> 
     </span>
     <span class='ocr_line' id='line_1_27' title="bbox 154 2454 1170 2538; baseline 0.002 -27"><span class='ocrx_word' id='word_1_209' title='bbox 154 2454 278 2532; x_wconf 84' lang='lat' dir='ltr'><strong>cingunt</strong></span> <span class='ocrx_word' id='word_1_210' title='bbox 302 2472 425 2514; x_wconf 88' lang='lat' dir='ltr'><strong>ovorum</strong></span> <span class='ocrx_word' id='word_1_211' title='bbox 448 2456 536 2516; x_wconf 91' lang='lat' dir='ltr'><strong>modo</strong></span> <span class='ocrx_word' id='word_1_212' title='bbox 560 2459 734 2518; x_wconf 89' lang='lat' dir='ltr'><strong>universum</strong></span> <span class='ocrx_word' id='word_1_213' title='bbox 757 2476 862 2536; x_wconf 86' lang='lat' dir='ltr'><strong>agmen</strong></span> <span class='ocrx_word' id='word_1_214' title='bbox 886 2466 1026 2538; x_wconf 90' lang='lat' dir='ltr'><strong>emergat.</strong></span> <span class='ocrx_word' id='word_1_215' title='bbox 1054 2461 1170 2535; x_wconf 85' lang='lat' dir='ltr'><strong>speeta-</strong></span> 
     </span>
     <span class='ocr_line' id='line_1_28' title="bbox 153 2540 1170 2616; baseline 0.004 -17"><span class='ocrx_word' id='word_1_216' title='bbox 153 2548 217 2600; x_wconf 89' lang='lat' dir='ltr'><strong>tum</strong></span> <span class='ocrx_word' id='word_1_217' title='bbox 232 2540 289 2601; x_wconf 93' lang='lat' dir='ltr'><strong>hoc</strong></span> <span class='ocrx_word' id='word_1_218' title='bbox 304 2541 414 2602; x_wconf 87' lang='lat' dir='ltr'><strong>Romae</strong></span> <span class='ocrx_word' id='word_1_219' title='bbox 433 2545 598 2605; x_wconf 93' lang='lat' dir='ltr'><strong>consularis</strong></span> <span class='ocrx_word' id='word_1_220' title='bbox 618 2546 773 2607; x_wconf 90' lang='lat' dir='ltr'><strong>cuiusdam</strong></span> <span class='ocrx_word' id='word_1_221' title='bbox 792 2547 964 2608; x_wconf 89' lang='lat' dir='ltr'><strong>suburbano</strong></span> <span class='ocrx_word' id='word_1_222' title='bbox 984 2546 1055 2606; x_wconf 88' lang='lat' dir='ltr'><strong>alvis</strong></span> <span class='ocrx_word' id='word_1_223' title='bbox 1074 2560 1170 2616; x_wconf 83' lang='lat' dir='ltr'><strong>cornu</strong></span> 
     </span>
     <span class='ocr_line' id='line_1_29' title="bbox 101 2629 1169 2712; baseline 0.005 -25"><span class='ocrx_word' id='word_1_224' title='bbox 101 2635 137 2683; x_wconf 83' lang='lat'><strong>50</strong></span> <span class='ocrx_word' id='word_1_225' title='bbox 157 2629 309 2690; x_wconf 91' lang='lat' dir='ltr'><strong>lanternae</strong></span> <span class='ocrx_word' id='word_1_226' title='bbox 339 2631 485 2692; x_wconf 91' lang='lat' dir='ltr'><strong>tralucido</strong></span> <span class='ocrx_word' id='word_1_227' title='bbox 515 2633 610 2694; x_wconf 76' lang='lat' dir='ltr'><strong>sactis,</strong></span> <span class='ocrx_word' id='word_1_228' title='bbox 666 2635 745 2695; x_wconf 84' lang='lat' dir='ltr'><strong>letus</strong></span> <span class='ocrx_word' id='word_1_229' title='bbox 774 2638 853 2696; x_wconf 89' lang='lat' dir='ltr'><strong>intra</strong></span> <span class='ocrx_word' id='word_1_230' title='bbox 882 2651 955 2698; x_wconf 82' lang='lat' dir='ltr'>va</span> <span class='ocrx_word' id='word_1_231' title='bbox 990 2636 1069 2697; x_wconf 90' lang='lat' dir='ltr'><strong>diem</strong></span> <span class='ocrx_word' id='word_1_232' title='bbox 1101 2649 1169 2712; x_wconf 89' lang='lat' dir='ltr'><strong>per·</strong></span> 
     </span>
     <span class='ocr_line' id='line_1_30' title="bbox 153 2718 1169 2804; baseline 0.004 -29"><span class='ocrx_word' id='word_1_233' title='bbox 153 2718 258 2795; x_wconf 88' lang='lat' dir='ltr'><strong>agitur.</strong></span> <span class='ocrx_word' id='word_1_234' title='bbox 296 2719 329 2779; x_wconf 86' lang='lat' dir='ltr'><strong>lit</strong></span> <span class='ocrx_word' id='word_1_235' title='bbox 347 2721 379 2779; x_wconf 90' lang='lat' dir='ltr'><strong>in</strong></span> <span class='ocrx_word' id='word_1_236' title='bbox 398 2720 471 2780; x_wconf 86' lang='lat' dir='ltr'><strong>savis</strong></span> <span class='ocrx_word' id='word_1_237' title='bbox 494 2721 671 2800; x_wconf 88' lang='lat' dir='ltr'><strong>quibusdam</strong></span> <span class='ocrx_word' id='word_1_238' title='bbox 695 2725 746 2802; x_wconf 93' lang='lat' dir='ltr'><strong>qui</strong></span> <span class='ocrx_word' id='word_1_239' title='bbox 769 2731 892 2784; x_wconf 89' lang='lat' dir='ltr'><strong>vocatur</strong></span> <span class='ocrx_word' id='word_1_240' title='bbox 916 2724 1029 2804; x_wconf 87' lang='lat' dir='ltr'><strong>clavus,</strong></span> <span class='ocrx_word' id='word_1_241' title='bbox 1053 2736 1169 2782; x_wconf 89' lang='lat' dir='ltr'><strong>amarae</strong></span> 
     </span>
     <span class='ocr_line' id='line_1_31' title="bbox 152 2805 1212 2894; baseline 0.005 -30"><span class='ocrx_word' id='word_1_242' title='bbox 152 2805 262 2866; x_wconf 89' lang='lat' dir='ltr'><strong>duritia</strong></span> <span class='ocrx_word' id='word_1_243' title='bbox 287 2825 387 2889; x_wconf 84' lang='lat' dir='ltr'><strong>cerae,</strong></span> <span class='ocrx_word' id='word_1_244' title='bbox 416 2825 484 2870; x_wconf 91' lang='lat' dir='ltr'><strong>cum</strong></span> <span class='ocrx_word' id='word_1_245' title='bbox 508 2810 601 2872; x_wconf 86' lang='lat' dir='ltr'><strong>ictum</strong></span> <span class='ocrx_word' id='word_1_246' title='bbox 629 2811 698 2871; x_wconf 93' lang='lat' dir='ltr'><strong>inde</strong></span> <span class='ocrx_word' id='word_1_247' title='bbox 726 2830 785 2872; x_wconf 90' lang='lat' dir='ltr'><strong>non</strong></span> <span class='ocrx_word' id='word_1_248' title='bbox 814 2812 958 2894; x_wconf 87' lang='lat' dir='ltr'><strong>eduxere,</strong></span> <span class='ocrx_word' id='word_1_249' title='bbox 985 2810 1089 2872; x_wconf 89' lang='lat' dir='ltr'><strong>morbo</strong></span> <span class='ocrx_word' id='word_1_250' title='bbox 1118 2815 1170 2870; x_wconf 84' lang='lat' dir='ltr'><strong>aut</strong></span> <span class='ocrx_word' id='word_1_251' title='bbox 1183 2822 1212 2864; x_wconf 71' lang='grc' dir='ltr'><em>ω</em></span> 
     </span>
    </p>
   </div>
   <div class='ocr_carea' id='block_1_3' title="bbox 151 2971 364 2984">
    <p class='ocr_par' dir='ltr' id='par_1_3' title="bbox 151 2971 364 2984">
     <span class='ocr_line' id='line_1_32' title="bbox 151 2971 364 2984; baseline 0 0"><span class='ocrx_word' id='word_1_252' title='bbox 151 2971 364 2984; x_wconf 49' lang='grc' dir='ltr'><strong>Μ</strong></span> 
     </span>
    </p>
   </div>
   <div class='ocr_carea' id='block_1_4' title="bbox 150 3067 1169 3493">
    <p class='ocr_par' dir='ltr' id='par_1_4' title="bbox 150 3067 1169 3493">
     <span class='ocr_line' id='line_1_33' title="bbox 179 3067 1168 3146; baseline 0.008 -28"><span class='ocrx_word' id='word_1_253' title='bbox 179 3134 185 3146; x_wconf 33' lang='lat'><strong>¹</strong></span> <span class='ocrx_word' id='word_1_254' title='bbox 223 3071 306 3120; x_wconf 87' lang='lat' dir='ltr'><strong>3ore</strong></span> <span class='ocrx_word' id='word_1_255' title='bbox 325 3067 448 3138; x_wconf 87' lang='lat' dir='ltr'><strong>confingi</strong></span> <span class='ocrx_word' id='word_1_256' title='bbox 461 3073 496 3122; x_wconf 79' lang='lat' dir='ltr'><strong>tt.</strong></span> <span class='ocrx_word' id='word_1_257' title='bbox 526 3071 653 3140; x_wconf 82' lang='lat' dir='ltr'><strong>oportere</strong></span> <span class='ocrx_word' id='word_1_258' title='bbox 673 3069 773 3125; x_wconf 87' lang='lat' dir='ltr'><strong>confici</strong></span> <span class='ocrx_word' id='word_1_259' title='bbox 791 3087 836 3124; x_wconf 84' lang='lat' dir='ltr'><strong>ro.</strong></span> <span class='ocrx_word' id='word_1_260' title='bbox 908 3071 1116 3140; x_wconf 76' lang='lat' dir='ltr'><strong>deompositas</strong></span> <span class='ocrx_word' id='word_1_261' title='bbox 1133 3075 1168 3126; x_wconf 79' lang='lat' dir='ltr'><strong>it.</strong></span> 
     </span>
     <span class='ocr_line' id='line_1_34' title="bbox 153 3137 1168 3212; baseline 0.007 -24"><span class='ocrx_word' id='word_1_262' title='bbox 153 3137 201 3190; x_wconf 80' lang='lat' dir='ltr'><strong>-t1s</strong></span> <span class='ocrx_word' id='word_1_263' title='bbox 220 3153 264 3191; x_wconf 86' lang='lat' dir='ltr'><strong>rc.</strong></span> <span class='ocrx_word' id='word_1_264' title='bbox 297 3139 347 3204; x_wconf 86' lang='lat' dir='ltr'><strong>cfr.</strong></span> <span class='ocrx_word' id='word_1_265' title='bbox 367 3155 428 3194; x_wconf 79' lang='lat' dir='ltr'><strong>noo.</strong></span> <span class='ocrx_word' id='word_1_266' title='bbox 448 3141 501 3194; x_wconf 80' lang='lat' dir='ltr'><strong>loe.</strong></span> <span class='ocrx_word' id='word_1_267' title='bbox 516 3157 546 3208; x_wconf 80' lang='lat' dir='ltr'><strong>p.</strong></span> <span class='ocrx_word' id='word_1_268' title='bbox 557 3145 601 3194; x_wconf 83' lang='lat'><strong>35.</strong></span> <span class='ocrx_word' id='word_1_269' title='bbox 621 3145 666 3196; x_wconf 84' lang='lat'><strong>36.</strong></span> <span class='ocrx_word' id='word_1_270' title='bbox 683 3141 687 3208; x_wconf 91' lang='grc' dir='ltr'>Ι</span> <span class='ocrx_word' id='word_1_271' title='bbox 704 3142 770 3210; x_wconf 80' lang='lat' dir='ltr'><strong>apte</strong></span> <span class='ocrx_word' id='word_1_272' title='bbox 789 3143 874 3210; x_wconf 80' lang='lat' dir='ltr'><strong>etque</strong></span> <span class='ocrx_word' id='word_1_273' title='bbox 891 3147 923 3196; x_wconf 77' lang='lat' dir='ltr'><strong>R.</strong></span> <span class='ocrx_word' id='word_1_274' title='bbox 949 3144 1034 3210; x_wconf 81' lang='lat' dir='ltr'><strong>atque</strong></span> <span class='ocrx_word' id='word_1_275' title='bbox 1053 3142 1118 3212; x_wconf 81' lang='lat' dir='ltr'><strong>apte</strong></span> <span class='ocrx_word' id='word_1_276' title='bbox 1132 3146 1168 3195; x_wconf 72' lang='grc' dir='ltr'><strong>Π.</strong></span> 
     </span>
     <span class='ocr_line' id='line_1_35' title="bbox 151 3208 1168 3280; baseline 0.008 -21"><span class='ocrx_word' id='word_1_277' title='bbox 151 3208 236 3274; x_wconf 81' lang='lat' dir='ltr'><strong>atque</strong></span> <span class='ocrx_word' id='word_1_278' title='bbox 254 3225 277 3262; x_wconf 80' lang='lat' dir='ltr'><strong>r.</strong></span> <span class='ocrx_word' id='word_1_279' title='bbox 360 3209 556 3280; x_wconf 69' lang='lat' dir='ltr'><strong>supponatur</strong></span> <span class='ocrx_word' id='word_1_280' title='bbox 572 3215 625 3265; x_wconf 78' lang='lat' dir='ltr'><strong>tto.</strong></span> <span class='ocrx_word' id='word_1_281' title='bbox 706 3217 739 3266; x_wconf 91' lang='lat'><strong>10</strong></span> <span class='ocrx_word' id='word_1_282' title='bbox 753 3217 819 3280; x_wconf 79' lang='lat' dir='ltr'><strong>post</strong></span> <span class='ocrx_word' id='word_1_283' title='bbox 838 3213 927 3268; x_wconf 82' lang='lat' dir='ltr'><strong>coitus</strong></span> <span class='ocrx_word' id='word_1_284' title='bbox 946 3215 1005 3267; x_wconf 83' lang='lat' dir='ltr'><strong>edd.</strong></span> <span class='ocrx_word' id='word_1_285' title='bbox 1025 3217 1089 3267; x_wconf 79' lang='lat' dir='ltr'><strong>eote</strong></span> <span class='ocrx_word' id='word_1_286' title='bbox 1106 3212 1168 3267; x_wconf 70' lang='lat' dir='ltr'><strong>Siti.</strong></span> 
     </span>
     <span class='ocr_line' id='line_1_36' title="bbox 151 3277 1169 3352; baseline 0.009 -23"><span class='ocrx_word' id='word_1_287' title='bbox 151 3277 250 3332; x_wconf 78' lang='lat' dir='ltr'><strong>habent</strong></span> <span class='ocrx_word' id='word_1_288' title='bbox 268 3279 339 3334; x_wconf 84' lang='lat' dir='ltr'><strong>alios</strong></span> <span class='ocrx_word' id='word_1_289' title='bbox 357 3281 497 3350; x_wconf 78' lang='lat' dir='ltr'><strong>perlectos</strong></span> <span class='ocrx_word' id='word_1_290' title='bbox 516 3283 588 3351; x_wconf 78' lang='lat' dir='ltr'><strong>(cum</strong></span> <span class='ocrx_word' id='word_1_291' title='bbox 604 3281 668 3352; x_wconf 66' lang='lat' dir='ltr'><strong>nt).</strong></span> <span class='ocrx_word' id='word_1_292' title='bbox 697 3299 746 3338; x_wconf 84' lang='lat' dir='ltr'><strong>om.</strong></span> <span class='ocrx_word' id='word_1_293' title='bbox 762 3283 790 3337; x_wconf 84' lang='lat' dir='ltr'><strong>ll.</strong></span> <span class='ocrx_word' id='word_1_294' title='bbox 863 3288 897 3338; x_wconf 80' lang='lat'><strong>20</strong></span> <span class='ocrx_word' id='word_1_295' title='bbox 915 3283 1024 3338; x_wconf 85' lang='lat' dir='ltr'><strong>feneres</strong></span> <span class='ocrx_word' id='word_1_296' title='bbox 1042 3288 1067 3338; x_wconf 87' lang='lat' dir='ltr'><strong>d.</strong></span> <span class='ocrx_word' id='word_1_297' title='bbox 1095 3299 1169 3338; x_wconf 82' lang='lat' dir='ltr'><strong>sere·</strong></span> 
     </span>
     <span class='ocr_line' id='line_1_37' title="bbox 150 3350 1167 3424; baseline 0.009 -26"><span class='ocrx_word' id='word_1_298' title='bbox 150 3362 199 3400; x_wconf 87' lang='lat' dir='ltr'><strong>nes</strong></span> <span class='ocrx_word' id='word_1_299' title='bbox 218 3366 241 3402; x_wconf 84' lang='lat' dir='ltr'><strong>r.</strong></span> <span class='ocrx_word' id='word_1_300' title='bbox 275 3350 310 3402; x_wconf 84' lang='lat' dir='ltr'><strong>si·</strong></span> <span class='ocrx_word' id='word_1_301' title='bbox 329 3367 353 3405; x_wconf 86' lang='lat' dir='ltr'><strong>o.</strong></span> <span class='ocrx_word' id='word_1_302' title='bbox 381 3353 444 3406; x_wconf 79' lang='lat' dir='ltr'><strong>diat.</strong></span> <span class='ocrx_word' id='word_1_303' title='bbox 459 3368 514 3422; x_wconf 76' lang='lat' dir='ltr'><strong>eqo.</strong></span> <span class='ocrx_word' id='word_1_304' title='bbox 538 3353 588 3418; x_wconf 82' lang='lat' dir='ltr'><strong>cfr.</strong></span> <span class='ocrx_word' id='word_1_305' title='bbox 602 3369 663 3407; x_wconf 79' lang='lat' dir='ltr'><strong>noo.</strong></span> <span class='ocrx_word' id='word_1_306' title='bbox 678 3355 729 3408; x_wconf 83' lang='lat' dir='ltr'><strong>luc.</strong></span> <span class='ocrx_word' id='word_1_307' title='bbox 746 3359 833 3422; x_wconf 80' lang='lat' dir='ltr'><strong>p.12.</strong></span> <span class='ocrx_word' id='word_1_308' title='bbox 906 3361 940 3408; x_wconf 81' lang='lat'><strong>23</strong></span> <span class='ocrx_word' id='word_1_309' title='bbox 959 3355 1128 3424; x_wconf 82' lang='lat' dir='ltr'><strong>procedente</strong></span> <span class='ocrx_word' id='word_1_310' title='bbox 1142 3370 1167 3408; x_wconf 81' lang='lat' dir='ltr'><strong>v.</strong></span> 
     </span>
     <span class='ocr_line' id='line_1_38' title="bbox 152 3419 1167 3493; baseline 0.009 -25"><span class='ocrx_word' id='word_1_311' title='bbox 152 3419 206 3470; x_wconf 85' lang='lat' dir='ltr'><strong>-tes</strong></span> <span class='ocrx_word' id='word_1_312' title='bbox 221 3421 248 3472; x_wconf 85' lang='lat' dir='ltr'><strong>ll.</strong></span> <span class='ocrx_word' id='word_1_313' title='bbox 321 3426 356 3475; x_wconf 77' lang='lat'><strong>24</strong></span> <span class='ocrx_word' id='word_1_314' title='bbox 369 3425 402 3476; x_wconf 81' lang='lat' dir='ltr'><strong>ut</strong></span> <span class='ocrx_word' id='word_1_315' title='bbox 414 3428 467 3476; x_wconf 77' lang='lat' dir='ltr'><strong>Rc.</strong></span> <span class='ocrx_word' id='word_1_316' title='bbox 493 3439 527 3477; x_wconf 81' lang='lat' dir='ltr'><strong>ve</strong></span> <span class='ocrx_word' id='word_1_317' title='bbox 540 3428 592 3476; x_wconf 80' lang='lat' dir='ltr'><strong>nu.</strong></span> <span class='ocrx_word' id='word_1_318' title='bbox 619 3440 667 3478; x_wconf 84' lang='lat' dir='ltr'><strong>sue</strong></span> <span class='ocrx_word' id='word_1_319' title='bbox 686 3425 723 3478; x_wconf 70' lang='lat'><strong>⁸¹.</strong></span> <span class='ocrx_word' id='word_1_320' title='bbox 750 3425 793 3478; x_wconf 89' lang='lat' dir='ltr'><strong>sui</strong></span> <span class='ocrx_word' id='word_1_321' title='bbox 807 3424 843 3478; x_wconf 69' lang='grc' dir='ltr'><strong>α’.</strong></span> <span class='ocrx_word' id='word_1_322' title='bbox 861 3427 865 3493; x_wconf 85' lang='grc' dir='ltr'>Ι</span> <span class='ocrx_word' id='word_1_323' title='bbox 881 3425 1032 3480; x_wconf 86' lang='lat' dir='ltr'><strong>necessarii</strong></span> <span class='ocrx_word' id='word_1_324' title='bbox 1045 3441 1069 3480; x_wconf 83' lang='lat' dir='ltr'><strong>c.</strong></span> <span class='ocrx_word' id='word_1_325' title='bbox 1089 3425 1124 3478; x_wconf 88' lang='lat' dir='ltr'><strong>-is</strong></span> <span class='ocrx_word' id='word_1_326' title='bbox 1139 3424 1167 3478; x_wconf 83' lang='lat' dir='ltr'><strong>ll.</strong></span> 
     </span>
    </p>
   </div>
   <div class='ocr_carea' id='block_1_5' title="bbox 150 3490 1167 3628">
    <p class='ocr_par' dir='ltr' id='par_1_5' title="bbox 150 3490 1167 3628">
     <span class='ocr_line' id='line_1_39' title="bbox 223 3490 1167 3552; baseline 0.01 -11"><span class='ocrx_word' id='word_1_327' title='bbox 223 3495 256 3542; x_wconf 76' lang='lat'><strong>29</strong></span> <span class='ocrx_word' id='word_1_328' title='bbox 276 3490 373 3546; x_wconf 83' lang='lat' dir='ltr'><strong>clavus</strong></span> <span class='ocrx_word' id='word_1_329' title='bbox 391 3495 419 3548; x_wconf 83' lang='lat' dir='ltr'><strong>ll.</strong></span> <span class='ocrx_word' id='word_1_330' title='bbox 458 3493 548 3548; x_wconf 86' lang='lat' dir='ltr'><strong>clerus</strong></span> <span class='ocrx_word' id='word_1_331' title='bbox 571 3495 631 3549; x_wconf 85' lang='lat' dir='ltr'><strong>edd.</strong></span> <span class='ocrx_word' id='word_1_332' title='bbox 650 3501 714 3550; x_wconf 79' lang='lat' dir='ltr'><strong>aute</strong></span> <span class='ocrx_word' id='word_1_333' title='bbox 732 3495 824 3551; x_wconf 83' lang='lat' dir='ltr'><strong>Hord.</strong></span> <span class='ocrx_word' id='word_1_334' title='bbox 862 3496 954 3551; x_wconf 85' lang='lat' dir='ltr'><strong>clarus</strong></span> <span class='ocrx_word' id='word_1_335' title='bbox 972 3496 1046 3552; x_wconf 78' lang='lat' dir='ltr'><strong>Dect.</strong></span> <span class='ocrx_word' id='word_1_336' title='bbox 1078 3497 1125 3552; x_wconf 82' lang='lat' dir='ltr'><strong>ced</strong></span> <span class='ocrx_word' id='word_1_337' title='bbox 1142 3513 1167 3550; x_wconf 81' lang='lat' dir='ltr'><strong>v.</strong></span> 
     </span>
     <span class='ocr_line' id='line_1_40' title="bbox 150 3559 444 3628; baseline 0.041 -21"><span class='ocrx_word' id='word_1_338' title='bbox 150 3569 211 3611; x_wconf 76' lang='lat' dir='ltr'><strong>ooo.</strong></span> <span class='ocrx_word' id='word_1_339' title='bbox 230 3559 283 3614; x_wconf 77' lang='lat' dir='ltr'><strong>loc.</strong></span> <span class='ocrx_word' id='word_1_340' title='bbox 297 3567 383 3628; x_wconf 64' lang='lat'><strong><em>1213.</em></strong></span> <span class='ocrx_word' id='word_1_341' title='bbox 401 3568 444 3620; x_wconf 78' lang='lat'><strong>14.</strong></span> 
     </span>
    </p>
   </div>
   <div class='ocr_carea' id='block_1_6' title="bbox 0 0 1322 3952">
    <p class='ocr_par' dir='ltr' id='par_1_6' title="bbox 0 0 1322 3952">
     <span class='ocr_line' id='line_1_41' title="bbox 0 0 1322 3952; baseline 0 0"><span class='ocrx_word' id='word_1_342' title='bbox 0 0 1322 3952; x_wconf 95' lang='lat' dir='ltr'><strong> </strong></span> 
     </span>
    </p>
   </div>
  </div>
 </body>
</html>
