2636 3952
373 107 614 163 1133111111
635 114 736 164 14-21
758 111 884 178 (ιτ-34)
954 129 956 134 ·
1073 109 1136 172 169
1239 59 1241 64 Ι

112 258 305 338 respondere
323 267 404 319 vates
424 261 547 319 exitium
565 258 855 340 imperioportendi,
878 260 904 318 si
928 257 1136 338 dimitteretur,

113 355 148 406 at
173 349 200 406 si
224 349 451 428 exanimaretur,
473 349 613 426 praetori.
659 355 690 406 et
709 347 758 407 ille
783 351 883 408 alitem
906 350 1043 426 protinus
1066 367 1135 408 con·

114 438 234 514 carpsit
256 454 312 496 nec
335 435 429 496 multo
453 443 521 514 post
544 435 667 515 inplevit
690 435 867 516 prodigium.

189 517 264 606 (21)
295 523 463 584 Vescuntur
492 531 523 584 et
551 522 655 602 glande
686 526 717 584 in
748 524 805 584 hoc
837 541 947 602 genere
979 528 1135 605 pomisque
1154 531 1189 578 42

81 627 96 668 5
115 612 241 693 multae,
265 613 317 674 sed
337 631 412 692 quae
432 629 520 673 carne
540 620 664 693 tantum,
682 631 743 672 non
762 615 875 694 bibunt,
894 621 1017 692 excepto
1036 613 1137 694 miluo,

115 701 200 779 quod
230 705 329 780 ipsum
359 703 391 762 in
420 703 553 781 auguriis
580 701 679 762 dirum
697 701 761 762 est.
809 696 866 762 19.
904 720 997 762 uncos
1020 721 1137 781 ungues

113 787 264 850 hahedtes
287 791 408 850 omnino
431 809 491 850 non
514 797 733 869 congregantur
761 797 792 850 et
814 790 871 850 sibi
894 808 1029 869 quaeque
1052 809 1136 870 prae·

117 878 239 938 dantur.
268 887 340 939 sunt
357 886 457 940 autem
476 895 579 939 omnes
593 879 656 938 fere
675 878 809 939 altivolae
828 886 948 958 praeter
966 886 1138 959 nocturnas,

120 974 154 1026 et
173 969 266 1046 magis
285 969 421 1028 maiores.
449 967 587 1028 omnihus
610 966 672 1028 alae
696 967 832 1048 grandeS,
856 985 965 1046 corpus
988 969 1137 1045 exiguum.

69 1068 101 1107 1⁰
117 1054 273 1116 ambulant
296 1056 464 1117 difficulter.
507 1058 540 1116 in
567 1059 661 1135 petris
687 1074 756 1116 raro
785 1058 953 1117 consistunt
980 1063 1138 1116 curvatura

115 1147 267 1222 virgulum
289 1143 476 1222 prohibente

189 1227 264 1315 (22)
287 1232 373 1293 Nunc
393 1232 580 1294 desecando
603 1251 713 1312 genere
738 1233 880 1314 dicamus,
903 1233 984 1311 quod
1005 1233 1037 1293 in
1061 1233 1134 1292 duas
1153 1236 1189 1286 43

117 1321 263 1382 dividitur
287 1323 411 1402 species,
434 1324 552 1382 oscines
575 1330 606 1382 et
629 1321 722 1382 alites.
763 1322 882 1382 illarum
904 1323 1008 1400 generi
1031 1329 1136 1382 cantus

118 1413 191 1490 orie,
215 1410 262 1470 his
285 1410 456 1489 magnitudo
480 1409 677 1471 differentiam
700 1409 790 1471 dedit.
837 1405 895 1471 20.
927 1413 1028 1489 itaque
1051 1427 1136 1489 prae-

72 1518 102 1558 13
118 1498 229 1560 cedent
248 1506 279 1558 et
297 1498 410 1579 ordine,
431 1517 593 1578 omnesque
613 1499 742 1578 reliquas
761 1501 793 1558 in
810 1498 859 1559 his
876 1517 1024 1578 pavonum
1042 1517 1137 1578 genus

120 1606 191 1648 cum
214 1587 308 1648 forma
332 1594 395 1647 tum
418 1587 571 1649 intellectu
594 1590 660 1648 eius
683 1597 713 1648 et
736 1588 837 1666 gloria.
870 1597 1053 1666 gemmantes
1075 1588 1136 1648 lau-

120 1676 209 1737 datus
233 1676 373 1755 expandit
395 1674 512 1736 colores
535 1677 658 1737 adverso
682 1679 808 1737 maxime
832 1676 904 1757 sole,
928 1679 996 1755 quia
1020 1676 1138 1737 3131331-

120 1767 241 1842 gentius
264 1764 388 1825 radiant.
434 1765 522 1826 simul
544 1765 668 1826 umbrae
692 1765 835 1844 quosdam
863 1783 1060 1844 repercussus
1090 1784 1137 1825 ce-

121 1856 208 1933 13313,
241 1855 346 1931 quiet
374 1856 405 1912 in
433 1872 525 1932 opaco
549 1853 658 1914 clarius
691 1857 814 1933 micant,
846 1853 990 1913 conchata
1021 1856 1139 1931 quaerit

76 1961 108 2002 33
122 1942 228 2023 cauda,
260 1960 424 2020 omnesque
456 1945 487 2002 in
514 1960 659 2006 ,acervum
688 1941 838 2002 contrahit
868 1944 1028 2020 pinnarum
1060 1959 1136 2021 quos

122 2032 252 2110 spectari
275 2031 383 2109 gaudet
406 2030 518 2092 ocnlos.
545 2031 630 2091 idem
648 2031 741 2091 cauda
764 2031 870 2090 annuis
894 2029 1007 2090 vicibus
1032 2032 1138 2090 amissa
1156 2031 1193 2079 44

123 2133 193 2180 cum
216 2118 294 2179 loliis
318 2119 468 2200 arborum,
491 2119 783 2179 donec-renascatur
807 2117 862 2177 alia
886 2135 955 2176 cum
976 2117 1061 2198 flore,
1083 2137 1137 2198 pu·

123 2207 274 2268 dibundus
298 2226 331 2266 ac
354 2225 491 2268 maerens
515 2210 632 2287 quaerit
653 2206 805 2267 latebram.
851 2207 923 2265 vivit
947 2208 1031 2265 annis
1055 2221 1139 2266 xxv.

124 2295 240 2356 colores
271 2296 398 2356 sundere
430 2299 535 2375 incipit
566 2299 597 2356 in
630 2299 760 2357 trimatu.
807 2293 843 2354 ab
873 2293 1045 2356 auctoribus
1078 2313 1137 2354 non

78 2403 109 2445 aa
123 2385 286 2464 gloriosum
310 2392 426 2445 tantum
449 2385 555 2444 animal
578 2385 635 2445 hoc
650 2385 800 2464 traditur,
828 2383 881 2444 sed
909 2390 939 2442 ct
961 2382 1138 2464 malivolum,

125 2475 204 2534 sicut
236 2491 323 2532 anser
355 2474 572 2554 verecundum,
609 2475 749 2552 quoniam
781 2472 833 2532 has
867 2489 986 2550 quoquc
1019 2472 1139 2550 quidam

124 2561 304 2622 addiderunt
325 2568 412 2620 notas
434 2563 465 2620 in
488 2561 549 2642 hio,
572 2562 650 2622 haud
672 2560 811 2641 probatas
835 2561 915 2620 mihi.

192 2643 266 2732 (23)
289 2649 437 2710 Pavonem
456 2649 515 2710 cibi
533 2653 627 2729 gratia
645 2650 755 2710 Romae
773 2653 888 2729 primus
907 2649 1016 2709 occidit
1038 2653 1139 2708 orator
1157 2649 1192 2697 45

124 2738 303 2799 Hortensius
327 2738 437 2799 aditiali
461 2757 534 2798 cena
557 2740 723 2800 sacerdotii.
762 2740 895 2816 saginare
918 2739 1033 2815 primus
1056 2739 1139 2797 insti·

82 2849 113 2890 33
126 2831 183 2888 tuit
206 2829 285 2887 cirea
308 2829 501 2887 novissimum
523 2830 682 2907 piraticum
705 2827 816 2888 bellum
834 2825 871 2886 M.
886 2825 1020 2885 Aufidius
1043 2824 1140 2886 Lurco

125 2933 220 2994 exque
244 2933 281 2975 eo
304 2924 431 2994 quaestu
453 2916 567 2976 reditus
590 2915 648 2976 HS.
672 2934 816 2995 sexagena
838 2913 917 2980 milia
940 2912 1051 2974 habuit.

192 2997 249 3065 21.
274 2997 348 3084 (24)
371 3003 510 3064 Proxime
534 3004 656 3082 gloriam
676 3006 809 3064 sentiunt
827 3012 856 3063 et
874 3002 906 3061 hi
925 3005 1018 3062 nostri
1032 3002 1140 3085 ¹vigiles
1159 3002 1195 3052 46

126 3152 338 3162 ..-.--—------

196 3227 373 3282 13311131.
401 3226 506 3280 111332.
538 3225 1141 3296 31111331311133333318111.33133311.

125 3297 822 3434 2112112111·1613311
841 3295 1140 3434 “demittit-oleti?

125 3385 267 3496 11111331.
340 3444 375 3492 1c
388 3385 565 3492 3313133333
578 3411 650 3493 aaa.
676 3440 681 3508 ι
706 3411 797 3509 goat
814 3409 854 3492 da.
868 3409 936 3492 aas.
965 3409 1024 3490 :aa
1042 3409 1100 3518 u'm
1134 3505 1141 3516 .

126 3519 160 3568 26
179 3528 260 3568 anser
279 3509 367 3565 ruat.
393 3527 496 3564 cumr
514 3511 573 3565 edd.
592 3515 653 3565 vett.
679 3527 750 3564 -rem
768 3509 895 3562 3311133.
982 3513 1015 3561 29
1035 3506 1154 3561 ermeli.

126 3583 167 3638 1².
242 3588 274 3636 ³1
291 3581 487 3649 3333313121,
515 3599 559 3635 ·us
572 3582 664 3635 11¹2.
687 3581 755 3650 {his
769 3585 801 3632 12.
828 3579 875 3632 HS
894 3596 917 3632 r.
