<?xml version="1.0" encoding="UTF-8"?>
<!DOCTYPE html PUBLIC "-//W3C//DTD XHTML 1.0 Transitional//EN"
    "http://www.w3.org/TR/xhtml1/DTD/xhtml1-transitional.dtd">
<html xmlns="http://www.w3.org/1999/xhtml" xml:lang="en" lang="en">
 <head>
  <title>
</title>
<meta http-equiv="Content-Type" content="text/html;charset=utf-8" />
  <meta name='ocr-system' content='tesseract 3.04.00' />
  <meta name='ocr-capabilities' content='ocr_page ocr_carea ocr_par ocr_line ocrx_word'/>
</head>
<body>
  <div class='ocr_page' id='page_1' title='image "./cplinisecundina02mayhgoog_0017.png"; bbox 0 0 2628 3950; ppageno 0'>
   <div class='ocr_carea' id='block_1_1' title="bbox 171 116 782 185">
    <p class='ocr_par' dir='ltr' id='par_1_1' title="bbox 171 116 782 185">
     <span class='ocr_line' id='line_1_1' title="bbox 171 116 782 185; baseline 0 -15"><span class='ocrx_word' id='word_1_1' title='bbox 171 137 223 185; x_wconf 67' lang='lat' dir='ltr'><strong>m</strong></span> <span class='ocrx_word' id='word_1_2' title='bbox 575 116 782 171; x_wconf 76' lang='lat' dir='ltr'><strong>rannnamo</strong></span> 
     </span>
    </p>
   </div>
   <div class='ocr_carea' id='block_1_2' title="bbox 170 266 1309 438">
    <p class='ocr_par' dir='ltr' id='par_1_2' title="bbox 170 266 1309 438">
     <span class='ocr_line' id='line_1_2' title="bbox 172 266 1309 358; baseline 0.005 -33"><span class='ocrx_word' id='word_1_3' title='bbox 172 266 388 341; x_wconf 72' lang='lat' dir='ltr'><strong>spectationem</strong></span> <span class='ocrx_word' id='word_1_4' title='bbox 404 268 610 345; x_wconf 77' lang='lat' dir='ltr'>perturbetur,</span> <span class='ocrx_word' id='word_1_5' title='bbox 628 268 819 327; x_wconf 89' lang='lat' dir='ltr'><strong>referendum</strong></span> <span class='ocrx_word' id='word_1_6' title='bbox 838 271 885 327; x_wconf 87' lang='lat' dir='ltr'><strong>eet</strong></span> <span class='ocrx_word' id='word_1_7' title='bbox 904 267 942 326; x_wconf 91' lang='lat' dir='ltr'><strong>ad</strong></span> <span class='ocrx_word' id='word_1_8' title='bbox 961 287 1029 326; x_wconf 90' lang='lat' dir='ltr'><strong>eum</strong></span> <span class='ocrx_word' id='word_1_9' title='bbox 1048 269 1100 344; x_wconf 89' lang='lat' dir='ltr'><strong>qui</strong></span> <span class='ocrx_word' id='word_1_10' title='bbox 1117 273 1189 345; x_wconf 93' lang='lat' dir='ltr'><strong>post</strong></span> <span class='ocrx_word' id='word_1_11' title='bbox 1308 321 1309 358; x_wconf 16' lang='grc' dir='ltr'>ἒ</span> 
     </span>
     <span class='ocr_line' id='line_1_3' title="bbox 170 353 1309 438; baseline 0.004 -26"><span class='ocrx_word' id='word_1_12' title='bbox 170 353 262 412; x_wconf 88' lang='lat' dir='ltr'><strong>Plinii</strong></span> <span class='ocrx_word' id='word_1_13' title='bbox 284 359 413 416; x_wconf 82' lang='lat' dir='ltr'><strong>mortem</strong></span> <span class='ocrx_word' id='word_1_14' title='bbox 436 375 537 416; x_wconf 88' lang='lat' dir='ltr'><strong>omnes</strong></span> <span class='ocrx_word' id='word_1_15' title='bbox 560 357 707 417; x_wconf 88' lang='lat' dir='ltr'><strong>naturalis</strong></span> <span class='ocrx_word' id='word_1_16' title='bbox 726 356 872 417; x_wconf 78' lang='lat' dir='ltr'><strong>historiae</strong></span> <span class='ocrx_word' id='word_1_17' title='bbox 894 357 987 416; x_wconf 86' lang='lat' dir='ltr'><strong>libros</strong></span> <span class='ocrx_word' id='word_1_18' title='bbox 1010 356 1119 417; x_wconf 85' lang='lat' dir='ltr'><strong>leviter</strong></span> <span class='ocrx_word' id='word_1_19' title='bbox 1141 377 1188 417; x_wconf 91' lang='lat' dir='ltr'><strong>re·</strong></span> <span class='ocrx_word' id='word_1_20' title='bbox 1308 407 1309 438; x_wconf 61' lang='lat' dir='ltr'><strong>r</strong></span> 
     </span>
    </p>
   </div>
   <div class='ocr_carea' id='block_1_3' title="bbox 167 441 1188 1586">
    <p class='ocr_par' dir='ltr' id='par_1_3' title="bbox 167 441 1188 1586">
     <span class='ocr_line' id='line_1_4' title="bbox 171 441 1188 522; baseline 0.004 -20"><span class='ocrx_word' id='word_1_21' title='bbox 171 441 288 502; x_wconf 86' lang='lat' dir='ltr'><strong>censuit</strong></span> <span class='ocrx_word' id='word_1_22' title='bbox 311 448 342 504; x_wconf 89' lang='lat' dir='ltr'><strong>et</strong></span> <span class='ocrx_word' id='word_1_23' title='bbox 364 446 396 504; x_wconf 89' lang='lat' dir='ltr'><strong>in</strong></span> <span class='ocrx_word' id='word_1_24' title='bbox 418 465 512 506; x_wconf 89' lang='lat' dir='ltr'><strong>unum</strong></span> <span class='ocrx_word' id='word_1_25' title='bbox 534 464 642 522; x_wconf 90' lang='lat' dir='ltr'><strong>corpus</strong></span> <span class='ocrx_word' id='word_1_26' title='bbox 665 445 804 506; x_wconf 90' lang='lat' dir='ltr'><strong>redactos</strong></span> <span class='ocrx_word' id='word_1_27' title='bbox 832 444 934 504; x_wconf 86' lang='lat' dir='ltr'><strong>edidit.</strong></span> <span class='ocrx_word' id='word_1_28' title='bbox 979 445 1084 505; x_wconf 90' lang='lat' dir='ltr'><strong>multis</strong></span> <span class='ocrx_word' id='word_1_29' title='bbox 1108 447 1188 506; x_wconf 91' lang='lat' dir='ltr'><strong>enim</strong></span> 
     </span>
     <span class='ocr_line' id='line_1_5' title="bbox 169 529 1188 612; baseline 0.006 -23"><span class='ocrx_word' id='word_1_30' title='bbox 169 529 286 591; x_wconf 89' lang='lat' dir='ltr'><strong>indiciis</strong></span> <span class='ocrx_word' id='word_1_31' title='bbox 305 534 470 609; x_wconf 56' lang='lat' dir='ltr'><strong>probatur,</strong></span> <span class='ocrx_word' id='word_1_32' title='bbox 481 533 622 612; x_wconf 86' lang='lat' dir='ltr'><strong>Plinium,</strong></span> <span class='ocrx_word' id='word_1_33' title='bbox 640 553 678 593; x_wconf 94' lang='lat' dir='ltr'><strong>ne</strong></span> <span class='ocrx_word' id='word_1_34' title='bbox 693 537 859 593; x_wconf 83' lang='lat' dir='ltr'><strong>extremam</strong></span> <span class='ocrx_word' id='word_1_35' title='bbox 877 553 999 592; x_wconf 88' lang='lat' dir='ltr'><strong>manum</strong></span> <span class='ocrx_word' id='word_1_36' title='bbox 1017 533 1083 609; x_wconf 91' lang='lat' dir='ltr'><strong>ipse</strong></span> <span class='ocrx_word' id='word_1_37' title='bbox 1102 535 1188 610; x_wconf 82' lang='lat' dir='ltr'><strong>operi</strong></span> 
     </span>
     <span class='ocr_line' id='line_1_6' title="bbox 171 619 1188 702; baseline 0.003 -23"><span class='ocrx_word' id='word_1_38' title='bbox 171 639 224 680; x_wconf 89' lang='lat' dir='ltr'><strong>suo</strong></span> <span class='ocrx_word' id='word_1_39' title='bbox 248 619 431 697; x_wconf 83' lang='lat' dir='ltr'><strong>admoveret,</strong></span> <span class='ocrx_word' id='word_1_40' title='bbox 456 623 558 682; x_wconf 85' lang='lat' dir='ltr'><strong>subita</strong></span> <span class='ocrx_word' id='word_1_41' title='bbox 579 625 677 683; x_wconf 89' lang='lat' dir='ltr'><strong>morte</strong></span> <span class='ocrx_word' id='word_1_42' title='bbox 700 622 881 702; x_wconf 57' lang='lat' dir='ltr'><strong>imaditum·</strong></span> <span class='ocrx_word' id='word_1_43' title='bbox 905 641 979 682; x_wconf 87' lang='lat' dir='ltr'><strong>esse.</strong></span> <span class='ocrx_word' id='word_1_44' title='bbox 1024 619 1188 699; x_wconf 86' lang='lat' dir='ltr'><strong>postquam</strong></span> 
     </span>
     <span class='ocr_line' id='line_1_7' title="bbox 171 701 1187 788; baseline 0.005 -21"><span class='ocrx_word' id='word_1_45' title='bbox 171 701 290 768; x_wconf 78' lang='lat' dir='ltr'><strong>‘electa&#39;</strong></span> <span class='ocrx_word' id='word_1_46' title='bbox 313 729 369 770; x_wconf 89' lang='lat' dir='ltr'><strong>sua</strong></span> <span class='ocrx_word' id='word_1_47' title='bbox 386 714 475 771; x_wconf 88' lang='lat' dir='ltr'><strong>vasta</strong></span> <span class='ocrx_word' id='word_1_48' title='bbox 497 715 528 771; x_wconf 94' lang='lat' dir='ltr'><strong>et</strong></span> <span class='ocrx_word' id='word_1_49' title='bbox 552 711 739 787; x_wconf 86' lang='lat' dir='ltr'><strong>amplissima</strong></span> <span class='ocrx_word' id='word_1_50' title='bbox 760 714 793 769; x_wconf 91' lang='lat' dir='ltr'><strong>in</strong></span> <span class='ocrx_word' id='word_1_51' title='bbox 815 710 950 769; x_wconf 82' lang='lat' dir='ltr'><strong>ordinem</strong></span> <span class='ocrx_word' id='word_1_52' title='bbox 968 711 1097 787; x_wconf 78' lang='lat' dir='ltr'><strong>digessit</strong></span> <span class='ocrx_word' id='word_1_53' title='bbox 1118 731 1187 788; x_wconf 89' lang='lat' dir='ltr'><strong>pro-</strong></span> 
     </span>
     <span class='ocr_line' id='line_1_8' title="bbox 170 798 1187 875; baseline 0.004 -19"><span class='ocrx_word' id='word_1_54' title='bbox 170 798 334 875; x_wconf 90' lang='lat' dir='ltr'><strong>oemiisqua</strong></span> <span class='ocrx_word' id='word_1_55' title='bbox 352 799 477 860; x_wconf 80' lang='lat' dir='ltr'><strong>adiectis</strong></span> <span class='ocrx_word' id='word_1_56' title='bbox 500 800 642 859; x_wconf 89' lang='lat' dir='ltr'><strong>continua</strong></span> <span class='ocrx_word' id='word_1_57' title='bbox 664 800 801 860; x_wconf 89' lang='lat' dir='ltr'><strong>oratione</strong></span> <span class='ocrx_word' id='word_1_58' title='bbox 823 799 976 859; x_wconf 88' lang='lat' dir='ltr'><strong>coniunxit</strong></span> <span class='ocrx_word' id='word_1_59' title='bbox 1000 806 1031 859; x_wconf 90' lang='lat' dir='ltr'><strong>et</strong></span> <span class='ocrx_word' id='word_1_60' title='bbox 1053 801 1102 859; x_wconf 89' lang='lat' dir='ltr'><strong>bio</strong></span> <span class='ocrx_word' id='word_1_61' title='bbox 1124 800 1187 860; x_wconf 91' lang='lat' dir='ltr'><strong>illic</strong></span> 
     </span>
     <span class='ocr_line' id='line_1_9' title="bbox 169 883 1186 966; baseline 0.004 -23"><span class='ocrx_word' id='word_1_62' title='bbox 169 883 287 944; x_wconf 88' lang='lat' dir='ltr'><strong>dicendi</strong></span> <span class='ocrx_word' id='word_1_63' title='bbox 309 889 493 948; x_wconf 79' lang='lat' dir='ltr'><strong>ornamentis</strong></span> <span class='ocrx_word' id='word_1_64' title='bbox 516 888 696 966; x_wconf 85' lang='lat' dir='ltr'><strong>illustravit,</strong></span> <span class='ocrx_word' id='word_1_65' title='bbox 724 906 827 948; x_wconf 87' lang='lat' dir='ltr'><strong>omnes</strong></span> <span class='ocrx_word' id='word_1_66' title='bbox 850 888 979 965; x_wconf 89' lang='lat' dir='ltr'><strong>denique</strong></span> <span class='ocrx_word' id='word_1_67' title='bbox 1000 889 1095 948; x_wconf 90' lang='lat' dir='ltr'><strong>libros</strong></span> <span class='ocrx_word' id='word_1_68' title='bbox 1119 907 1186 949; x_wconf 89' lang='lat' dir='ltr'><strong>con-</strong></span> 
     </span>
     <span class='ocr_line' id='line_1_10' title="bbox 170 974 1188 1053; baseline 0.004 -20"><span class='ocrx_word' id='word_1_69' title='bbox 170 974 305 1050; x_wconf 88' lang='lat' dir='ltr'><strong>scripsit,</strong></span> <span class='ocrx_word' id='word_1_70' title='bbox 334 995 430 1053; x_wconf 89' lang='lat' dir='ltr'><strong>usque</strong></span> <span class='ocrx_word' id='word_1_71' title='bbox 460 977 499 1036; x_wconf 91' lang='lat' dir='ltr'><strong>ad</strong></span> <span class='ocrx_word' id='word_1_72' title='bbox 527 981 657 1036; x_wconf 86' lang='lat' dir='ltr'><strong>mortem</strong></span> <span class='ocrx_word' id='word_1_73' title='bbox 687 976 807 1036; x_wconf 85' lang='lat' dir='ltr'><strong>videtur</strong></span> <span class='ocrx_word' id='word_1_74' title='bbox 838 980 1000 1052; x_wconf 88' lang='lat' dir='ltr'><strong>occupatus</strong></span> <span class='ocrx_word' id='word_1_75' title='bbox 1030 977 1126 1037; x_wconf 81' lang='lat' dir='ltr'><strong>firisse</strong></span> <span class='ocrx_word' id='word_1_76' title='bbox 1155 978 1188 1037; x_wconf 93' lang='lat' dir='ltr'><strong>in</strong></span> 
     </span>
     <span class='ocr_line' id='line_1_11' title="bbox 169 1065 1187 1141; baseline 0.004 -19"><span class='ocrx_word' id='word_1_77' title='bbox 169 1081 261 1138; x_wconf 87' lang='lat' dir='ltr'><strong>opere</strong></span> <span class='ocrx_word' id='word_1_78' title='bbox 284 1065 323 1123; x_wconf 85' lang='lat' dir='ltr'><strong>ad</strong></span> <span class='ocrx_word' id='word_1_79' title='bbox 345 1065 435 1125; x_wconf 90' lang='lat' dir='ltr'><strong>finem</strong></span> <span class='ocrx_word' id='word_1_80' title='bbox 457 1065 602 1141; x_wconf 79' lang='lat' dir='ltr'><strong>perducto</strong></span> <span class='ocrx_word' id='word_1_81' title='bbox 626 1065 819 1125; x_wconf 89' lang='lat' dir='ltr'><strong>retractando</strong></span> <span class='ocrx_word' id='word_1_82' title='bbox 843 1069 875 1125; x_wconf 91' lang='lat' dir='ltr'><strong>et</strong></span> <span class='ocrx_word' id='word_1_83' title='bbox 898 1065 1019 1125; x_wconf 86' lang='lat' dir='ltr'><strong>assiduo</strong></span> <span class='ocrx_word' id='word_1_84' title='bbox 1044 1066 1114 1126; x_wconf 89' lang='lat' dir='ltr'><strong>etilo</strong></span> <span class='ocrx_word' id='word_1_85' title='bbox 1139 1084 1187 1126; x_wconf 85' lang='lat' dir='ltr'><strong>ex-</strong></span> 
     </span>
     <span class='ocr_line' id='line_1_12' title="bbox 168 1152 1187 1230; baseline 0.002 -18"><span class='ocrx_word' id='word_1_86' title='bbox 168 1152 318 1230; x_wconf 87' lang='lat' dir='ltr'><strong>poliendo,</strong></span> <span class='ocrx_word' id='word_1_87' title='bbox 336 1157 401 1213; x_wconf 89' lang='lat' dir='ltr'><strong>tum</strong></span> <span class='ocrx_word' id='word_1_88' title='bbox 416 1155 563 1213; x_wconf 90' lang='lat' dir='ltr'><strong>librorum</strong></span> <span class='ocrx_word' id='word_1_89' title='bbox 577 1153 805 1230; x_wconf 82' lang='lat' dir='ltr'><strong>dispositionem</strong></span> <span class='ocrx_word' id='word_1_90' title='bbox 818 1154 990 1229; x_wconf 90' lang='lat' dir='ltr'><strong>immutans,</strong></span> <span class='ocrx_word' id='word_1_91' title='bbox 1009 1157 1076 1213; x_wconf 91' lang='lat' dir='ltr'><strong>tum</strong></span> <span class='ocrx_word' id='word_1_92' title='bbox 1089 1155 1187 1214; x_wconf 86' lang='lat' dir='ltr'><strong>multa</strong></span> 
     </span>
     <span class='ocr_line' id='line_1_13' title="bbox 169 1241 1187 1320; baseline 0.003 -22"><span class='ocrx_word' id='word_1_93' title='bbox 169 1241 338 1316; x_wconf 84' lang='lat' dir='ltr'><strong>emendans,</strong></span> <span class='ocrx_word' id='word_1_94' title='bbox 362 1245 428 1302; x_wconf 90' lang='lat' dir='ltr'><strong>tum</strong></span> <span class='ocrx_word' id='word_1_95' title='bbox 445 1242 585 1319; x_wconf 90' lang='lat' dir='ltr'><strong>pluribus</strong></span> <span class='ocrx_word' id='word_1_96' title='bbox 603 1243 678 1302; x_wconf 90' lang='lat' dir='ltr'><strong>locis</strong></span> <span class='ocrx_word' id='word_1_97' title='bbox 702 1243 739 1302; x_wconf 89' lang='lat' dir='ltr'><strong>ob</strong></span> <span class='ocrx_word' id='word_1_98' title='bbox 764 1243 935 1320; x_wconf 85' lang='lat' dir='ltr'><strong>argumenti</strong></span> <span class='ocrx_word' id='word_1_99' title='bbox 959 1243 1187 1302; x_wconf 87' lang='lat' dir='ltr'><strong>similitudinem</strong></span> 
     </span>
     <span class='ocr_line' id='line_1_14' title="bbox 167 1330 1188 1408; baseline 0.002 -20"><span class='ocrx_word' id='word_1_100' title='bbox 167 1347 247 1389; x_wconf 83' lang='lat' dir='ltr'><strong>nova</strong></span> <span class='ocrx_word' id='word_1_101' title='bbox 278 1330 400 1391; x_wconf 89' lang='lat' dir='ltr'><strong>addens.</strong></span> <span class='ocrx_word' id='word_1_102' title='bbox 456 1350 533 1407; x_wconf 84' lang='lat' dir='ltr'><strong>quae</strong></span> <span class='ocrx_word' id='word_1_103' title='bbox 565 1331 786 1405; x_wconf 87' lang='lat' dir='ltr'><strong>additamenta,</strong></span> <span class='ocrx_word' id='word_1_104' title='bbox 823 1331 877 1390; x_wconf 89' lang='lat' dir='ltr'><strong>ubi</strong></span> <span class='ocrx_word' id='word_1_105' title='bbox 910 1331 1041 1408; x_wconf 90' lang='lat' dir='ltr'><strong>spatium</strong></span> <span class='ocrx_word' id='word_1_106' title='bbox 1072 1331 1188 1406; x_wconf 88' lang='lat' dir='ltr'><strong>deerat,</strong></span> 
     </span>
     <span class='ocr_line' id='line_1_15' title="bbox 167 1418 1187 1497; baseline 0.005 -22"><span class='ocrx_word' id='word_1_107' title='bbox 167 1418 300 1495; x_wconf 82' lang='lat' dir='ltr'><strong>margini</strong></span> <span class='ocrx_word' id='word_1_108' title='bbox 318 1419 487 1497; x_wconf 72' lang='lat' dir='ltr'><strong>adscripsit</strong></span> <span class='ocrx_word' id='word_1_109' title='bbox 511 1421 542 1478; x_wconf 90' lang='lat' dir='ltr'><strong>in</strong></span> <span class='ocrx_word' id='word_1_110' title='bbox 564 1421 632 1497; x_wconf 89' lang='lat' dir='ltr'><strong>ipsa</strong></span> <span class='ocrx_word' id='word_1_111' title='bbox 651 1421 786 1480; x_wconf 90' lang='lat' dir='ltr'><strong>oratione</strong></span> <span class='ocrx_word' id='word_1_112' title='bbox 809 1419 951 1479; x_wconf 88' lang='lat' dir='ltr'><strong>continua</strong></span> <span class='ocrx_word' id='word_1_113' title='bbox 973 1419 1102 1478; x_wconf 85' lang='lat' dir='ltr'><strong>fortasse</strong></span> <span class='ocrx_word' id='word_1_114' title='bbox 1125 1437 1187 1480; x_wconf 90' lang='lat' dir='ltr'><strong>non</strong></span> 
     </span>
     <span class='ocr_line' id='line_1_16' title="bbox 168 1505 1187 1586; baseline 0.003 -21"><span class='ocrx_word' id='word_1_115' title='bbox 168 1505 309 1566; x_wconf 89' lang='lat' dir='ltr'><strong>distincte</strong></span> <span class='ocrx_word' id='word_1_116' title='bbox 328 1526 397 1567; x_wconf 90' lang='lat' dir='ltr'><strong>eum</strong></span> <span class='ocrx_word' id='word_1_117' title='bbox 414 1508 513 1569; x_wconf 91' lang='lat' dir='ltr'><strong>locum</strong></span> <span class='ocrx_word' id='word_1_118' title='bbox 533 1509 714 1586; x_wconf 80' lang='lat' dir='ltr'><strong>significans,</strong></span> <span class='ocrx_word' id='word_1_119' title='bbox 733 1509 764 1566; x_wconf 92' lang='lat' dir='ltr'><strong>in</strong></span> <span class='ocrx_word' id='word_1_120' title='bbox 783 1528 841 1585; x_wconf 90' lang='lat' dir='ltr'><strong>quo</strong></span> <span class='ocrx_word' id='word_1_121' title='bbox 860 1507 1011 1584; x_wconf 88' lang='lat' dir='ltr'><strong>interponi</strong></span> <span class='ocrx_word' id='word_1_122' title='bbox 1029 1527 1065 1566; x_wconf 89' lang='lat' dir='ltr'><strong>ea</strong></span> <span class='ocrx_word' id='word_1_123' title='bbox 1083 1509 1187 1584; x_wconf 86' lang='lat' dir='ltr'><strong>vellet,</strong></span> 
     </span>
    </p>
   </div>
   <div class='ocr_carea' id='block_1_4' title="bbox 167 1595 1311 1674">
    <p class='ocr_par' dir='ltr' id='par_1_4' title="bbox 167 1595 1311 1674">
     <span class='ocr_line' id='line_1_17' title="bbox 167 1595 1311 1674; baseline 0.004 -21"><span class='ocrx_word' id='word_1_124' title='bbox 167 1595 219 1654; x_wconf 90' lang='lat' dir='ltr'><strong>ille</strong></span> <span class='ocrx_word' id='word_1_125' title='bbox 241 1614 313 1656; x_wconf 83' lang='lat' dir='ltr'><strong>vero</strong></span> <span class='ocrx_word' id='word_1_126' title='bbox 333 1598 385 1674; x_wconf 87' lang='lat' dir='ltr'><strong>qni</strong></span> <span class='ocrx_word' id='word_1_127' title='bbox 403 1616 479 1673; x_wconf 90' lang='lat' dir='ltr'><strong>opus</strong></span> <span class='ocrx_word' id='word_1_128' title='bbox 497 1600 604 1674; x_wconf 91' lang='lat' dir='ltr'><strong>postea</strong></span> <span class='ocrx_word' id='word_1_129' title='bbox 627 1597 774 1656; x_wconf 91' lang='lat' dir='ltr'><strong>edendum</strong></span> <span class='ocrx_word' id='word_1_130' title='bbox 798 1597 931 1672; x_wconf 89' lang='lat' dir='ltr'><strong>suscepit</strong></span> <span class='ocrx_word' id='word_1_131' title='bbox 952 1615 1013 1656; x_wconf 93' lang='lat' dir='ltr'><strong>non</strong></span> <span class='ocrx_word' id='word_1_132' title='bbox 1031 1596 1186 1658; x_wconf 87' lang='lat' dir='ltr'><strong>intellecto</strong></span> <span class='ocrx_word' id='word_1_133' title='bbox 1310 1625 1311 1666; x_wconf 60' lang='grc' dir='ltr'><strong>ι</strong></span> 
     </span>
    </p>
   </div>
   <div class='ocr_carea' id='block_1_5' title="bbox 167 1685 1188 1940">
    <p class='ocr_par' dir='ltr' id='par_1_5' title="bbox 167 1685 1188 1940">
     <span class='ocr_line' id='line_1_18' title="bbox 168 1685 1188 1763; baseline 0.001 -19"><span class='ocrx_word' id='word_1_134' title='bbox 168 1685 324 1761; x_wconf 89' lang='lat' dir='ltr'><strong>scriptoris</strong></span> <span class='ocrx_word' id='word_1_135' title='bbox 352 1686 475 1746; x_wconf 90' lang='lat' dir='ltr'><strong>consilio</strong></span> <span class='ocrx_word' id='word_1_136' title='bbox 503 1685 649 1746; x_wconf 87' lang='lat' dir='ltr'><strong>adnotata</strong></span> <span class='ocrx_word' id='word_1_137' title='bbox 676 1685 811 1762; x_wconf 84' lang='lat' dir='ltr'><strong>proximo</strong></span> <span class='ocrx_word' id='word_1_138' title='bbox 839 1703 956 1762; x_wconf 88' lang='lat' dir='ltr'><strong>quoque</strong></span> <span class='ocrx_word' id='word_1_139' title='bbox 984 1685 1064 1762; x_wconf 86' lang='lat' dir='ltr'><strong>loco,</strong></span> <span class='ocrx_word' id='word_1_140' title='bbox 1094 1705 1188 1763; x_wconf 86' lang='lat' dir='ltr'><strong>quan·</strong></span> 
     </span>
     <span class='ocr_line' id='line_1_19' title="bbox 167 1773 1185 1852; baseline 0.003 -20"><span class='ocrx_word' id='word_1_141' title='bbox 167 1775 279 1833; x_wconf 86' lang='lat' dir='ltr'><strong>tumvis</strong></span> <span class='ocrx_word' id='word_1_142' title='bbox 298 1778 504 1852; x_wconf 79' lang='lat' dir='ltr'><strong>repugnarent</strong></span> <span class='ocrx_word' id='word_1_143' title='bbox 522 1775 603 1835; x_wconf 87' lang='lat' dir='ltr'><strong>iusto</strong></span> <span class='ocrx_word' id='word_1_144' title='bbox 623 1774 841 1834; x_wconf 87' lang='lat' dir='ltr'><strong>sententiarum</strong></span> <span class='ocrx_word' id='word_1_145' title='bbox 859 1773 967 1850; x_wconf 88' lang='lat' dir='ltr'><strong>ordini,</strong></span> <span class='ocrx_word' id='word_1_146' title='bbox 989 1774 1022 1832; x_wconf 92' lang='lat' dir='ltr'><strong>in</strong></span> <span class='ocrx_word' id='word_1_147' title='bbox 1040 1775 1185 1836; x_wconf 86' lang='lat' dir='ltr'><strong>orationis</strong></span> 
     </span>
     <span class='ocr_line' id='line_1_20' title="bbox 167 1861 1185 1940; baseline 0.004 -20"><span class='ocrx_word' id='word_1_148' title='bbox 167 1864 340 1921; x_wconf 84' lang='lat' dir='ltr'><strong>contextum</strong></span> <span class='ocrx_word' id='word_1_149' title='bbox 370 1863 492 1938; x_wconf 88' lang='lat' dir='ltr'><strong>recepit.</strong></span> <span class='ocrx_word' id='word_1_150' title='bbox 544 1863 648 1940; x_wconf 87' lang='lat' dir='ltr'><strong>itaque</strong></span> <span class='ocrx_word' id='word_1_151' title='bbox 677 1882 714 1922; x_wconf 91' lang='lat' dir='ltr'><strong>ea</strong></span> <span class='ocrx_word' id='word_1_152' title='bbox 743 1861 950 1923; x_wconf 88' lang='lat' dir='ltr'><strong>additamenta</strong></span> <span class='ocrx_word' id='word_1_153' title='bbox 980 1863 1018 1922; x_wconf 90' lang='lat' dir='ltr'><strong>ab</strong></span> <span class='ocrx_word' id='word_1_154' title='bbox 1049 1864 1185 1924; x_wconf 85' lang='lat' dir='ltr'><strong>oratione</strong></span> 
     </span>
    </p>
   </div>
   <div class='ocr_carea' id='block_1_6' title="bbox 166 1947 1311 2028">
    <p class='ocr_par' dir='ltr' id='par_1_6' title="bbox 166 1947 1311 2028">
     <span class='ocr_line' id='line_1_21' title="bbox 166 1947 1311 2028; baseline 0.001 -18"><span class='ocrx_word' id='word_1_155' title='bbox 166 1951 308 2010; x_wconf 86' lang='lat' dir='ltr'><strong>continua</strong></span> <span class='ocrx_word' id='word_1_156' title='bbox 326 1950 539 2028; x_wconf 81' lang='lat' dir='ltr'><strong>distinguenda</strong></span> <span class='ocrx_word' id='word_1_157' title='bbox 558 1955 690 2026; x_wconf 80' lang='lat' dir='ltr'><strong>suntet,</strong></span> <span class='ocrx_word' id='word_1_158' title='bbox 714 1952 741 2012; x_wconf 87' lang='lat' dir='ltr'><strong>si</strong></span> <span class='ocrx_word' id='word_1_159' title='bbox 762 1952 913 2028; x_wconf 84' lang='lat' dir='ltr'><strong>probabili</strong></span> <span class='ocrx_word' id='word_1_160' title='bbox 932 1952 1103 2012; x_wconf 87' lang='lat' dir='ltr'><strong>coniectura</strong></span> <span class='ocrx_word' id='word_1_161' title='bbox 1119 1951 1187 2012; x_wconf 90' lang='lat' dir='ltr'><strong>fieri</strong></span> <span class='ocrx_word' id='word_1_162' title='bbox 1310 1947 1311 1950; x_wconf 59' lang='grc'>’</span> 
     </span>
    </p>
   </div>
   <div class='ocr_carea' id='block_1_7' title="bbox 166 2039 1187 2208">
    <p class='ocr_par' dir='ltr' id='par_1_7' title="bbox 166 2039 1187 2208">
     <span class='ocr_line' id='line_1_22' title="bbox 166 2039 1187 2117; baseline 0.001 -19"><span class='ocrx_word' id='word_1_163' title='bbox 166 2039 287 2115; x_wconf 88' lang='lat' dir='ltr'><strong>poterit,</strong></span> <span class='ocrx_word' id='word_1_164' title='bbox 310 2039 342 2098; x_wconf 91' lang='lat' dir='ltr'><strong>in</strong></span> <span class='ocrx_word' id='word_1_165' title='bbox 365 2039 482 2116; x_wconf 86' lang='lat' dir='ltr'><strong>aptiore</strong></span> <span class='ocrx_word' id='word_1_166' title='bbox 505 2041 570 2101; x_wconf 89' lang='lat' dir='ltr'><strong>loco</strong></span> <span class='ocrx_word' id='word_1_167' title='bbox 593 2041 773 2117; x_wconf 90' lang='lat' dir='ltr'><strong>reponenda.</strong></span> <span class='ocrx_word' id='word_1_168' title='bbox 820 2044 851 2100; x_wconf 92' lang='lat' dir='ltr'><strong>et</strong></span> <span class='ocrx_word' id='word_1_169' title='bbox 874 2041 951 2100; x_wconf 88' lang='lat' dir='ltr'><strong>hanc</strong></span> <span class='ocrx_word' id='word_1_170' title='bbox 976 2041 1096 2117; x_wconf 90' lang='lat' dir='ltr'><strong>quidem</strong></span> <span class='ocrx_word' id='word_1_171' title='bbox 1120 2059 1187 2101; x_wconf 89' lang='lat' dir='ltr'><strong>sen-</strong></span> 
     </span>
     <span class='ocr_line' id='line_1_23' title="bbox 166 2127 1186 2208; baseline 0.004 -22"><span class='ocrx_word' id='word_1_172' title='bbox 166 2127 303 2204; x_wconf 77' lang='lat' dir='ltr'><strong>tentiam,</strong></span> <span class='ocrx_word' id='word_1_173' title='bbox 326 2147 394 2187; x_wconf 89' lang='lat' dir='ltr'><strong>oum</strong></span> <span class='ocrx_word' id='word_1_174' title='bbox 416 2129 546 2206; x_wconf 72' lang='lat' dir='ltr'><strong>primuS,</strong></span> <span class='ocrx_word' id='word_1_175' title='bbox 569 2129 628 2189; x_wconf 92' lang='lat' dir='ltr'><strong>nisi</strong></span> <span class='ocrx_word' id='word_1_176' title='bbox 649 2129 753 2203; x_wconf 83' lang='lat' dir='ltr'><strong>fallor,</strong></span> <span class='ocrx_word' id='word_1_177' title='bbox 775 2128 926 2208; x_wconf 82' lang='lat' dir='ltr'><strong>Bergkiue</strong></span> <span class='ocrx_word' id='word_1_178' title='bbox 951 2147 1044 2189; x_wconf 85' lang='lat' dir='ltr'><strong>exerc.</strong></span> <span class='ocrx_word' id='word_1_179' title='bbox 1069 2127 1146 2190; x_wconf 82' lang='lat' dir='ltr'><strong>Plin</strong></span> <span class='ocrx_word' id='word_1_180' title='bbox 1169 2129 1186 2189; x_wconf 93' lang='lat' dir='ltr'>I</span> 
     </span>
    </p>
   </div>
   <div class='ocr_carea' id='block_1_8' title="bbox 46 2210 1187 2299">
    <p class='ocr_par' dir='ltr' id='par_1_8' title="bbox 46 2210 1187 2299">
     <span class='ocr_line' id='line_1_24' title="bbox 46 2210 1187 2299; baseline 0.005 -26"><span class='ocrx_word' id='word_1_181' title='bbox 46 2243 48 2246; x_wconf 95' lang='lat'>·</span> <span class='ocrx_word' id='word_1_182' title='bbox 165 2235 195 2291; x_wconf 87' lang='lat' dir='ltr'><strong>p.</strong></span> <span class='ocrx_word' id='word_1_183' title='bbox 217 2220 233 2274; x_wconf 92' lang='lat'>1</span> <span class='ocrx_word' id='word_1_184' title='bbox 259 2217 478 2291; x_wconf 83' lang='lat' dir='ltr'><strong>adumbrasset,</strong></span> <span class='ocrx_word' id='word_1_185' title='bbox 503 2217 810 2293; x_wconf 83' lang='lat' dir='ltr'><strong>studioseamplexus</strong></span> <span class='ocrx_word' id='word_1_186' title='bbox 829 2217 998 2278; x_wconf 89' lang='lat' dir='ltr'><strong>Urlicbsius</strong></span> <span class='ocrx_word' id='word_1_187' title='bbox 1022 2210 1089 2299; x_wconf 85' lang='lat' dir='ltr'><strong>(cfr.</strong></span> <span class='ocrx_word' id='word_1_188' title='bbox 1107 2218 1187 2295; x_wconf 86' lang='lat' dir='ltr'><strong>disp.</strong></span> 
     </span>
    </p>
   </div>
   <div class='ocr_carea' id='block_1_9' title="bbox 163 2299 1186 3007">
    <p class='ocr_par' dir='ltr' id='par_1_9' title="bbox 163 2299 1186 3007">
     <span class='ocr_line' id='line_1_25' title="bbox 166 2299 1185 2388; baseline 0.003 -25"><span class='ocrx_word' id='word_1_189' title='bbox 166 2305 232 2364; x_wconf 90' lang='lat' dir='ltr'><strong>crit.</strong></span> <span class='ocrx_word' id='word_1_190' title='bbox 252 2305 289 2364; x_wconf 94' lang='lat' dir='ltr'><strong>de</strong></span> <span class='ocrx_word' id='word_1_191' title='bbox 306 2323 387 2365; x_wconf 89' lang='lat' dir='ltr'><strong>num.</strong></span> <span class='ocrx_word' id='word_1_192' title='bbox 407 2309 439 2366; x_wconf 92' lang='lat' dir='ltr'><strong>et</strong></span> <span class='ocrx_word' id='word_1_193' title='bbox 455 2325 534 2366; x_wconf 93' lang='lat' dir='ltr'><strong>nom.</strong></span> <span class='ocrx_word' id='word_1_194' title='bbox 553 2328 583 2382; x_wconf 89' lang='lat' dir='ltr'><strong>p.</strong></span> <span class='ocrx_word' id='word_1_195' title='bbox 599 2309 649 2366; x_wconf 84' lang='lat'><strong>15.</strong></span> <span class='ocrx_word' id='word_1_196' title='bbox 673 2307 833 2366; x_wconf 89' lang='lat' dir='ltr'><strong>chrestom.</strong></span> <span class='ocrx_word' id='word_1_197' title='bbox 852 2307 930 2368; x_wconf 86' lang='lat' dir='ltr'><strong>Plin.</strong></span> <span class='ocrx_word' id='word_1_198' title='bbox 944 2306 1038 2382; x_wconf 89' lang='lat' dir='ltr'><strong>praef.</strong></span> <span class='ocrx_word' id='word_1_199' title='bbox 1052 2326 1081 2382; x_wconf 87' lang='lat' dir='ltr'><strong>p.</strong></span> <span class='ocrx_word' id='word_1_200' title='bbox 1096 2299 1185 2388; x_wconf 85' lang='lat' dir='ltr'><strong>XIV)</strong></span> 
     </span>
     <span class='ocr_line' id='line_1_26' title="bbox 165 2393 1183 2474; baseline 0.001 -21"><span class='ocrx_word' id='word_1_201' title='bbox 165 2393 204 2452; x_wconf 86' lang='lat' dir='ltr'><strong>ad</strong></span> <span class='ocrx_word' id='word_1_202' title='bbox 227 2394 302 2453; x_wconf 88' lang='lat' dir='ltr'><strong>artis</strong></span> <span class='ocrx_word' id='word_1_203' title='bbox 326 2395 448 2454; x_wconf 82' lang='lat' dir='ltr'><strong>criticae</strong></span> <span class='ocrx_word' id='word_1_204' title='bbox 471 2395 653 2454; x_wconf 84' lang='lat' dir='ltr'><strong>exercendae</strong></span> <span class='ocrx_word' id='word_1_205' title='bbox 676 2395 844 2455; x_wconf 86' lang='lat' dir='ltr'><strong>utilitatem</strong></span> <span class='ocrx_word' id='word_1_206' title='bbox 871 2396 903 2454; x_wconf 92' lang='lat' dir='ltr'><strong>in</strong></span> <span class='ocrx_word' id='word_1_207' title='bbox 929 2394 1034 2471; x_wconf 91' lang='lat' dir='ltr'><strong>primis</strong></span> <span class='ocrx_word' id='word_1_208' title='bbox 1063 2395 1183 2474; x_wconf 79' lang='lat' dir='ltr'><strong>retulit3</strong></span> 
     </span>
     <span class='ocr_line' id='line_1_27' title="bbox 165 2481 1186 2560; baseline 0.003 -20"><span class='ocrx_word' id='word_1_209' title='bbox 165 2481 341 2541; x_wconf 90' lang='lat' dir='ltr'><strong>confirmata</strong></span> <span class='ocrx_word' id='word_1_210' title='bbox 359 2484 465 2544; x_wconf 91' lang='lat' dir='ltr'><strong>eodem</strong></span> <span class='ocrx_word' id='word_1_211' title='bbox 479 2483 542 2543; x_wconf 88' lang='lat' dir='ltr'><strong>fere</strong></span> <span class='ocrx_word' id='word_1_212' title='bbox 560 2487 695 2559; x_wconf 89' lang='lat' dir='ltr'><strong>tempore</strong></span> <span class='ocrx_word' id='word_1_213' title='bbox 715 2487 762 2543; x_wconf 89' lang='lat' dir='ltr'><strong>est</strong></span> <span class='ocrx_word' id='word_1_214' title='bbox 776 2482 899 2543; x_wconf 87' lang='lat' dir='ltr'><strong>Henrici</strong></span> <span class='ocrx_word' id='word_1_215' title='bbox 912 2483 1039 2542; x_wconf 88' lang='lat' dir='ltr'><strong>Brunnii</strong></span> <span class='ocrx_word' id='word_1_216' title='bbox 1057 2483 1186 2560; x_wconf 81' lang='lat' dir='ltr'><strong>egregia</strong></span> 
     </span>
     <span class='ocr_line' id='line_1_28' title="bbox 165 2569 1186 2648; baseline 0.004 -19"><span class='ocrx_word' id='word_1_217' title='bbox 165 2569 202 2629; x_wconf 93' lang='lat' dir='ltr'><strong>de</strong></span> <span class='ocrx_word' id='word_1_218' title='bbox 233 2578 391 2632; x_wconf 88' lang='lat' dir='ltr'><strong>auctorum</strong></span> <span class='ocrx_word' id='word_1_219' title='bbox 419 2572 568 2632; x_wconf 88' lang='lat' dir='ltr'><strong>indicibus</strong></span> <span class='ocrx_word' id='word_1_220' title='bbox 599 2571 744 2632; x_wconf 89' lang='lat' dir='ltr'><strong>Plinianis</strong></span> <span class='ocrx_word' id='word_1_221' title='bbox 775 2571 978 2648; x_wconf 88' lang='lat' dir='ltr'><strong>disputatione</strong></span> <span class='ocrx_word' id='word_1_222' title='bbox 1013 2589 1048 2630; x_wconf 92' lang='lat' dir='ltr'><strong>ac</strong></span> <span class='ocrx_word' id='word_1_223' title='bbox 1077 2574 1186 2648; x_wconf 88' lang='lat' dir='ltr'><strong>postea</strong></span> 
     </span>
     <span class='ocr_line' id='line_1_29' title="bbox 164 2659 1186 2737; baseline 0.003 -20"><span class='ocrx_word' id='word_1_224' title='bbox 164 2659 301 2720; x_wconf 87' lang='lat' dir='ltr'><strong>Noltenii</strong></span> <span class='ocrx_word' id='word_1_225' title='bbox 324 2679 442 2737; x_wconf 89' lang='lat' dir='ltr'><strong>quoque</strong></span> <span class='ocrx_word' id='word_1_226' title='bbox 465 2661 693 2737; x_wconf 88' lang='lat' dir='ltr'><strong>quaestionibus</strong></span> <span class='ocrx_word' id='word_1_227' title='bbox 717 2659 873 2734; x_wconf 83' lang='lat' dir='ltr'><strong>Plinianis,</strong></span> <span class='ocrx_word' id='word_1_228' title='bbox 897 2661 1006 2736; x_wconf 85' lang='lat' dir='ltr'><strong>quibus</strong></span> <span class='ocrx_word' id='word_1_229' title='bbox 1028 2678 1108 2720; x_wconf 89' lang='lat' dir='ltr'><strong>nova</strong></span> <span class='ocrx_word' id='word_1_230' title='bbox 1131 2661 1186 2720; x_wconf 84' lang='lat' dir='ltr'><strong>eli·</strong></span> 
     </span>
     <span class='ocr_line' id='line_1_30' title="bbox 165 2748 1185 2826; baseline 0.001 -19"><span class='ocrx_word' id='word_1_231' title='bbox 165 2751 238 2825; x_wconf 91' lang='lat' dir='ltr'><strong>quot</strong></span> <span class='ocrx_word' id='word_1_232' title='bbox 267 2749 492 2809; x_wconf 80' lang='lat' dir='ltr'><strong>retractationis</strong></span> <span class='ocrx_word' id='word_1_233' title='bbox 522 2749 655 2826; x_wconf 80' lang='lat' dir='ltr'><strong>vestigia</strong></span> <span class='ocrx_word' id='word_1_234' title='bbox 688 2748 855 2826; x_wconf 80' lang='lat' dir='ltr'><strong>indagavit.</strong></span> <span class='ocrx_word' id='word_1_235' title='bbox 913 2749 1046 2808; x_wconf 87' lang='lat' dir='ltr'><strong>editores</strong></span> <span class='ocrx_word' id='word_1_236' title='bbox 1081 2751 1185 2809; x_wconf 91' lang='lat' dir='ltr'><strong>autem</strong></span> 
     </span>
     <span class='ocr_line' id='line_1_31' title="bbox 164 2837 1186 2915; baseline 0.003 -19"><span class='ocrx_word' id='word_1_237' title='bbox 164 2837 255 2898; x_wconf 89' lang='lat' dir='ltr'><strong>Ianus</strong></span> <span class='ocrx_word' id='word_1_238' title='bbox 275 2857 403 2915; x_wconf 91' lang='lat' dir='ltr'><strong>eumque</strong></span> <span class='ocrx_word' id='word_1_239' title='bbox 422 2840 543 2898; x_wconf 90' lang='lat' dir='ltr'><strong>secutus</strong></span> <span class='ocrx_word' id='word_1_240' title='bbox 561 2838 755 2898; x_wconf 87' lang='lat' dir='ltr'><strong>Detlefsenus</strong></span> <span class='ocrx_word' id='word_1_241' title='bbox 775 2837 1010 2913; x_wconf 89' lang='lat' dir='ltr'><strong>transpositione</strong></span> <span class='ocrx_word' id='word_1_242' title='bbox 1029 2837 1186 2899; x_wconf 89' lang='lat' dir='ltr'><strong>rarissime</strong></span> 
     </span>
     <span class='ocr_line' id='line_1_32' title="bbox 163 2919 1183 3007; baseline 0.003 -22"><span class='ocrx_word' id='word_1_243' title='bbox 163 2919 249 3007; x_wconf 77' lang='lat' dir='ltr'><strong>usi*)</strong></span> <span class='ocrx_word' id='word_1_244' title='bbox 281 2928 458 3004; x_wconf 89' lang='lat' dir='ltr'><strong>plerumque</strong></span> <span class='ocrx_word' id='word_1_245' title='bbox 488 2927 622 2986; x_wconf 84' lang='lat' dir='ltr'><strong>contenti</strong></span> <span class='ocrx_word' id='word_1_246' title='bbox 651 2927 775 2986; x_wconf 86' lang='lat' dir='ltr'><strong>fuerunt</strong></span> <span class='ocrx_word' id='word_1_247' title='bbox 805 2944 856 2985; x_wconf 88' lang='lat' dir='ltr'><strong>eos</strong></span> <span class='ocrx_word' id='word_1_248' title='bbox 886 2925 981 3000; x_wconf 86' lang='lat' dir='ltr'><strong>locos,</strong></span> <span class='ocrx_word' id='word_1_249' title='bbox 1002 2926 1045 2984; x_wconf 90' lang='lat' dir='ltr'><strong>-in</strong></span> <span class='ocrx_word' id='word_1_250' title='bbox 1073 2927 1183 3004; x_wconf 87' lang='lat' dir='ltr'><strong>quibus</strong></span> 
     </span>
    </p>
   </div>
   <div class='ocr_carea' id='block_1_10' title="bbox 37 3011 1185 3076">
    <p class='ocr_par' dir='ltr' id='par_1_10' title="bbox 37 3011 1185 3076">
     <span class='ocr_line' id='line_1_33' title="bbox 37 3011 1185 3076; baseline 0.001 -1"><span class='ocrx_word' id='word_1_251' title='bbox 37 3011 41 3016; x_wconf 79' lang='grc'>’</span> <span class='ocrx_word' id='word_1_252' title='bbox 164 3015 309 3076; x_wconf 85' lang='lat' dir='ltr'><strong>orationis</strong></span> <span class='ocrx_word' id='word_1_253' title='bbox 341 3016 571 3075; x_wconf 84' lang='lat' dir='ltr'><strong>continuitatem</strong></span> <span class='ocrx_word' id='word_1_254' title='bbox 610 3016 710 3075; x_wconf 84' lang='lat' dir='ltr'><strong>aliena</strong></span> <span class='ocrx_word' id='word_1_255' title='bbox 742 3014 892 3074; x_wconf 85' lang='lat' dir='ltr'><strong>sententia</strong></span> <span class='ocrx_word' id='word_1_256' title='bbox 923 3014 1080 3076; x_wconf 72' lang='lat' dir='ltr'><strong>dismssam</strong></span> <span class='ocrx_word' id='word_1_257' title='bbox 1116 3034 1185 3076; x_wconf 87' lang='lat' dir='ltr'><strong>esse</strong></span> 
     </span>
    </p>
   </div>
   <div class='ocr_carea' id='block_1_11' title="bbox 164 3103 1183 3182">
    <p class='ocr_par' dir='ltr' id='par_1_11' title="bbox 164 3103 1183 3182">
     <span class='ocr_line' id='line_1_34' title="bbox 164 3103 1183 3182; baseline -0.001 -18"><span class='ocrx_word' id='word_1_258' title='bbox 164 3105 304 3182; x_wconf 86' lang='lat' dir='ltr'><strong>apertum</strong></span> <span class='ocrx_word' id='word_1_259' title='bbox 327 3106 382 3178; x_wconf 82' lang='lat' dir='ltr'><strong>cst,</strong></span> <span class='ocrx_word' id='word_1_260' title='bbox 405 3104 585 3163; x_wconf 89' lang='lat' dir='ltr'><strong>lineolarum</strong></span> <span class='ocrx_word' id='word_1_261' title='bbox 609 3104 704 3181; x_wconf 78' lang='lat' dir='ltr'><strong>signis</strong></span> <span class='ocrx_word' id='word_1_262' title='bbox 726 3121 745 3162; x_wconf 85' lang='lat' dir='ltr'><strong>a</strong></span> <span class='ocrx_word' id='word_1_263' title='bbox 767 3103 885 3180; x_wconf 90' lang='lat' dir='ltr'><strong>reliqua</strong></span> <span class='ocrx_word' id='word_1_264' title='bbox 903 3104 1040 3163; x_wconf 84' lang='lat' dir='ltr'><strong>oratione</strong></span> <span class='ocrx_word' id='word_1_265' title='bbox 1063 3121 1183 3180; x_wconf 86' lang='lat' dir='ltr'><strong>separa·</strong></span> 
     </span>
    </p>
   </div>
   <div class='ocr_carea' id='block_1_12' title="bbox 162 3343 1185 3612">
    <p class='ocr_par' dir='ltr' id='par_1_12' title="bbox 162 3343 1185 3612">
     <span class='ocr_line' id='line_1_35' title="bbox 234 3343 1183 3416; baseline 0 -18"><span class='ocrx_word' id='word_1_266' title='bbox 234 3343 260 3413; x_wconf 83' lang='lat'><strong>*)</strong></span> <span class='ocrx_word' id='word_1_267' title='bbox 282 3346 405 3400; x_wconf 81' lang='lat' dir='ltr'><strong>Auctore</strong></span> <span class='ocrx_word' id='word_1_268' title='bbox 426 3344 536 3416; x_wconf 78' lang='lat' dir='ltr'><strong>Silligio</strong></span> <span class='ocrx_word' id='word_1_269' title='bbox 556 3343 691 3399; x_wconf 86' lang='lat' dir='ltr'><strong>orationis</strong></span> <span class='ocrx_word' id='word_1_270' title='bbox 714 3343 873 3399; x_wconf 85' lang='lat' dir='ltr'><strong>membrum</strong></span> <span class='ocrx_word' id='word_1_271' title='bbox 894 3345 1126 3416; x_wconf 84' lang='lat' dir='ltr'><strong>transposuerunt</strong></span> <span class='ocrx_word' id='word_1_272' title='bbox 1142 3343 1183 3398; x_wconf 88' lang='lat' dir='ltr'><strong>IX</strong></span> 
     </span>
     <span class='ocr_line' id='line_1_36' title="bbox 162 3414 1183 3486; baseline 0 -16"><span class='ocrx_word' id='word_1_273' title='bbox 162 3422 209 3484; x_wconf 73' lang='lat'><strong>3⁷,</strong></span> <span class='ocrx_word' id='word_1_274' title='bbox 234 3415 283 3470; x_wconf 88' lang='lat' dir='ltr'><strong>sed</strong></span> <span class='ocrx_word' id='word_1_275' title='bbox 305 3431 359 3486; x_wconf 83' lang='lat' dir='ltr'><strong>ego</strong></span> <span class='ocrx_word' id='word_1_276' title='bbox 382 3415 542 3470; x_wconf 83' lang='lat' dir='ltr'><strong>Aristotelis</strong></span> <span class='ocrx_word' id='word_1_277' title='bbox 565 3414 727 3470; x_wconf 84' lang='lat' dir='ltr'><strong>testimonio</strong></span> <span class='ocrx_word' id='word_1_278' title='bbox 750 3416 843 3472; x_wconf 87' lang='lat' dir='ltr'><strong>motus</strong></span> <span class='ocrx_word' id='word_1_279' title='bbox 867 3415 994 3472; x_wconf 89' lang='lat' dir='ltr'><strong>ordinem</strong></span> <span class='ocrx_word' id='word_1_280' title='bbox 1016 3415 1066 3485; x_wconf 92' lang='lat' dir='ltr'><strong>qui</strong></span> <span class='ocrx_word' id='word_1_281' title='bbox 1088 3415 1183 3472; x_wconf 89' lang='lat' dir='ltr'><strong>estin</strong></span> 
     </span>
     <span class='ocr_line' id='line_1_37' title="bbox 162 3485 1185 3556; baseline 0 -14"><span class='ocrx_word' id='word_1_282' title='bbox 162 3485 305 3542; x_wconf 85' lang='lat' dir='ltr'><strong>codicibus</strong></span> <span class='ocrx_word' id='word_1_283' title='bbox 333 3486 445 3541; x_wconf 86' lang='lat' dir='ltr'><strong>restitui</strong></span> <span class='ocrx_word' id='word_1_284' title='bbox 468 3488 499 3541; x_wconf 90' lang='lat' dir='ltr'><strong>et</strong></span> <span class='ocrx_word' id='word_1_285' title='bbox 523 3485 714 3556; x_wconf 78' lang='lat' dir='ltr'><strong>distinguendi</strong></span> <span class='ocrx_word' id='word_1_286' title='bbox 739 3486 847 3542; x_wconf 83' lang='lat' dir='ltr'><strong>ratione</strong></span> <span class='ocrx_word' id='word_1_287' title='bbox 872 3485 1007 3556; x_wconf 80' lang='lat' dir='ltr'><strong>indicavi,</strong></span> <span class='ocrx_word' id='word_1_288' title='bbox 1035 3486 1085 3556; x_wconf 90' lang='lat' dir='ltr'><strong>qui</strong></span> <span class='ocrx_word' id='word_1_289' title='bbox 1110 3489 1185 3544; x_wconf 84' lang='lat' dir='ltr'><strong>esset</strong></span> 
     </span>
     <span class='ocr_line' id='line_1_38' title="bbox 162 3556 512 3612; baseline 0 0"><span class='ocrx_word' id='word_1_290' title='bbox 162 3556 363 3612; x_wconf 83' lang='lat' dir='ltr'><strong>sententiarum</strong></span> <span class='ocrx_word' id='word_1_291' title='bbox 382 3572 512 3612; x_wconf 77' lang='lat' dir='ltr'><strong>conexus.</strong></span> 
     </span>
    </p>
   </div>
   <div class='ocr_carea' id='block_1_13' title="bbox 0 0 1318 3950">
    <p class='ocr_par' dir='ltr' id='par_1_13' title="bbox 0 0 1318 3950">
     <span class='ocr_line' id='line_1_39' title="bbox 0 0 1318 3950; baseline 0 1"><span class='ocrx_word' id='word_1_292' title='bbox 0 0 1318 3950; x_wconf 95' lang='lat' dir='ltr'><strong> </strong></span> 
     </span>
    </p>
   </div>
  </div>
 </body>
</html>
