2588 3956
212 131 274 194 118
431 151 439 164 ’
565 129 594 183 O.
613 128 713 184 PLINI
732 129 889 185 saeuum

209 282 235 340 si
257 281 370 359 spirare
398 280 429 339 in
452 296 527 359 aqua
555 296 615 338 non
643 286 765 358 queunt.
811 279 908 340 soient
934 281 965 340 in
989 287 1102 342 terram
1125 299 1250 341 aerum-

207 387 280 449 pore
303 370 417 428 incerta
439 367 476 427 de
500 385 597 448 causa,
621 385 676 430 nec
696 369 796 430 statim
815 367 922 430 tellure
945 377 1026 430 tacta
1043 372 1250 448 moriuntur,

155 465 189 514 23
208 456 362 534 multoque
386 458 470 516 ocius
493 456 591 517 tistula
615 457 722 517 clausa.
767 457 867 536 lingua
890 467 937 518 est
954 459 991 518 iis
1015 467 1125 520 contra
1150 466 1249 520 natu·

207 564 272 606 ram
295 544 468 624 aquatilium
491 544 622 627 mobilia,
649 545 748 606 brevis
772 553 860 625 atque
883 546 955 628 lata,
977 546 1057 609 haud
1081 548 1249 608 differens

208 633 319 697 suillae.
365 652 420 713 pro
439 651 511 694 voce
534 636 662 712 gemitus
685 633 814 695 humano
834 635 946 717 similia,
969 636 1094 697 dorsum
1118 652 1273 716 repen-⁵

208 723 288 805 dum,
311 729 444 784 rostrum
463 725 579 783 simum.
617 722 730 801 quade
749 742 838 785 causa
857 742 965 784 nomen
980 727 1105 785 simonis
1120 743 1247 786 omnes

208 814 285 872 miro
308 813 396 873 modo
419 818 585 890 agnoscunt
606 811 779 892 maluntque
802 814 844 874 ita
867 812 1015 892 appellari.

155 908 190 958 24
276 894 328 982 (8)
352 899 514 980 Delphinus
538 918 598 960 non
620 900 734 961 homini
753 909 870 963 tantum
888 904 1016 964 amicum
1034 903 1161 985 animal,
1191 921 1244 962 ve-

207 1007 275 1050 rum
290 997 320 1050 et
333 991 464 1052 musicae
480 991 545 1070 arti,
558 988 708 1050 mulcetur
722 990 912 1070 symphoniae
927 997 1024 1072 cantu,
1039 995 1096 1053 sed
1107 993 1244 1071 praeci-

206 1097 265 1160 pue
279 1077 416 1158 hydrauli
430 1097 512 1138 sono.
539 1077 691 1140 hominem
705 1096 764 1140 non
780 1081 948 1159 expavescit
962 1087 996 1140 ut
1009 1079 1159 1163 alienum,·
1184 1079 1242 1140 ob·
1258 1094 1281 1132 10

206 1170 283 1229 riam
298 1169 421 1246 navigiis
435 1168 524 1246 venit,
548 1166 661 1228 adludit
675 1167 835 1250 exsultans,
859 1176 954 1229 certat
971 1170 1060 1229 etiam
1074 1177 1105 1231 et
1118 1187 1241 1248 quiam-

153 1263 187 1314 25
207 1259 250 1317 ris
273 1256 361 1336 plena
383 1257 527 1335 praeterit
547 1254 619 1315 vela.
665 1255 731 1316 divo
750 1255 883 1336 Augusto
901 1258 1037 1337 principe
1056 1257 1240 1319 Lucrinum

206 1346 303 1407 lacum
326 1347 462 1405 invectus
485 1346 625 1423 pauperis
649 1345 804 1406 cuiusdam
826 1363 954 1425 puerum
978 1365 1015 1406 ex
1037 1345 1150 1406 Raiano
1168 1346 1237 1406 Pu-

206 1434 300 1495 teolos
323 1436 354 1493 in
378 1432 480 1494 ludum
499 1432 677 1494 litterarium
692 1437 824 1516 itantem,
847 1453 916 1496 cum
929 1435 1093 1496 meridiano
1116 1439 1234 1496 immo-

206 1542 277 1584 rans
300 1521 479 1601 appellatum
506 1539 576 1582 eum
602 1524 725 1583 simonis
753 1525 872 1584 nomine
900 1525 1018 1602 saepius
1046 1524 1235 1602 fragmentis
1250 1536 1275 1576 1⁵

206 1613 291 1692 panis
315 1628 405 1688 quem
428 1608 466 1670 ob
489 1611 547 1671 iter
571 1610 685 1672 serebat
703 1611 870 1693 ademisset,
892 1614 968 1672 miro
986 1629 1086 1673 amore
1109 1613 1231 1673 dilexit.

205 1701 322 1780 pigeret
334 1699 463 1780 referre,
487 1700 518 1759 ni
540 1717 590 1759 res
612 1699 829 1760 Maecenatis
853 1708 883 1761 et
901 1699 1049 1761 Fabiani
1073 1708 1104 1762 et
1121 1701 1232 1762 Flavi

196 1787 277 1848 dlii
300 1787 521 1866 multorumque
545 1796 625 1849 esset
642 1788 750 1850 litteris
766 1789 910 1850 mandata.
944 1807 1137 1868 quocumque
1163 1789 1231 1850 diei

177 1941 179 1944 ,
205 1884 340 1956 tompore
363 1876 538 1937 inclamatus
566 1895 582 1936 a
604 1895 699 1956 puero
728 1880 861 1957 quamvis
889 1878 1024 1939 occultus
1052 1886 1142 1958 atque
1172 1877 1228 1938 ab·

206 1965 286 2026 ditus
323 1984 359 2026 cx
395 1967 455 2026 imo
493 1965 645 2026 advolabat
680 1975 842 2046 pastusque
879 1985 895 2027 e
928 1985 1018 2028 manu
1059 1965 1267 2046 praebebatur

205 2073 366 2115 ascensuro
395 2054 530 2136 dorsum,
561 2073 676 2134 pennae
707 2056 825 2116 aculeos
848 2055 929 2116 velut
951 2058 1055 2134 vagina
1078 2057 1226 2135 condens,

204 2151 418 2224 receptumque
441 2142 581 2204 Puteolos
608 2162 663 2223 per
689 2162 830 2223 magnum
857 2163 969 2223 aequor
995 2146 1027 2204 in
1049 2144 1155 2206 ludum
1179 2145 1224 2205 le·

204 2232 290 2294 rebat
313 2233 402 2294 simili
423 2232 511 2293 modo
534 2232 680 2292 revehens
706 2232 844 2312 pluribus
867 2235 965 2315 annis,
995 2233 1090 2294 donec
1113 2233 1223 2294 morbo

205 2323 352 2382 exstincto
382 2339 476 2401 puero
506 2321 631 2382 subinde
665 2321 701 2382 ad
733 2329 910 2382 consuetum
941 2321 1041 2383 locum
1070 2325 1223 2384 ventitans

161 2443 163 2450 ·
205 2413 300 2471 tristis
323 2418 356 2482 et
376 2411 520 2471 maerenti
544 2409 647 2471 similis
669 2412 733 2490 ipse
758 2427 890 2491 quoque,
920 2410 999 2490 quod
1022 2420 1109 2472 nemo
1134 2411 1222 2472 dubi·
1238 2423 1261 2461 2⁵

153 2509 187 2559 26
206 2505 296 2578 taret,
323 2498 471 2558 desiderio
500 2500 668 2578 exspiravit.
713 2498 787 2559 alius
815 2501 894 2559 intra
921 2499 975 2560 hos
1004 2518 1096 2560 annos
1120 2500 1223 2560 Africo

205 2587 293 2646 litore
320 2585 466 2665 Hipponis
489 2585 623 2667 Diarruti
650 2587 740 2648 simili
766 2588 856 2649 modo
885 2607 921 2648 ex
948 2589 1103 2651 hominum
1129 2605 1222 2650 manu

205 2694 330 2736 vescens
352 2673 559 2755 praebensque
587 2695 619 2736 se
642 2677 830 2738 tractandum
858 2684 888 2737 et
914 2676 1056 2738 adludens
1079 2677 1221 2738 nantibus

207 2766 421 2843 impositosque
444 2770 567 2842 portans
590 2772 743 2844 unguento
766 2773 932 2845 perunctus
955 2784 971 2826 a
990 2765 1127 2827 Flaviano
1150 2785 1219 2847 pro·

207 2851 328 2913 consule
352 2852 467 2912 Africae
498 2860 528 2913 et
558 2855 686 2933 sopitus,
715 2852 756 2916 ut'
779 2857 930 2935 apparuit,
959 2854 1059 2915 odoris
1089 2857 1257 2916 novitatem

205 2941 425 3019 fluctuatusque
440 2941 544 3002 similis
560 2944 689 3004 exanimi
711 2945 808 3003 caruit
825 2943 980 3004 hominum
993 2946 1218 3006 conversatione

278 3189 500 3250 1aquaom.n.
538 3187 695 3239 orostrum
708 3201 732 3240 c.
749 3201 799 3240 orn.
814 3186 842 3240 ll.
880 3185 1023 3240 8homini
1042 3185 1099 3240 oet.
1119 3185 1174 3241 -uis
1188 3187 1215 3242 li.

277 3256 455 3308 uectura.
497 3257 621 3310 ellada.
709 3262 740 3310 11
761 3255 852 3310 adlmt
873 3257 964 3310 132¹.
1002 3257 1086 3311 alluit
1108 3261 1132 3310 d.

207 3331 240 3380 13
259 3324 392 3380 Puteolos
410 3342 434 3380 o.
468 3325 514 3380 -lia
533 3327 561 3382 il.
653 3333 687 3382 14
705 3327 824 3382 iianbem
841 3344 866 3382 a.
899 3329 974 3382 stan-
993 3327 1021 3382 li.
1113 3333 1148 3383 14
1165 3329 1215 3384 im-

206 3412 318 3450 morans
337 3412 361 3450 a.
402 3412 507 3453 memo·
526 3399 554 3452 ii.
668 3405 701 3453 16
726 3399 834 3453 obiter
861 3401 956 3454 Ionas.
999 3398 1089 3454 obiter
1108 3401 1135 3454 ii.
1182 3401 1216 3456 ob

205 3465 236 3522 id
253 3483 278 3521 o.
333 3472 385 3548 '17
404 3467 522 3566 Efflani
545 3469 622 3523 Picti.
647 3469 716 3538 d(?).
749 3469 864 3524 duuiani
882 3471 910 3524 ll.
939 3471 989 3537 cfr.
1009 3470 1097 3525 Solita.
1121 3475 1172 3538 12,
1190 3478 1215 3526 8.

166 3549 170 3554 ’
206 3609 236 3663 ὥ
278 3544 312 3664 attii
330 3556 363 3666 apl
379 3537 466 3595 africo
485 3539 544 3594 ala.
563 3541 609 3595 aad
627 3541 678 3607 cfr.
698 3545 713 3606 ξ
732 3545 778 3596 63.
797 3546 843 3596 68.
916 3547 949 3596 27
969 3541 1115 3612 Diarrhyhi
1131 3542 1213 3598 Borb.

237 3625 323 3665 arua
365 3653 370 3665 .
854 3663 859 3670 .
910 3637 921 3657 ·
