2620 3948
197 121 240 184 ιι
524 99 570 178 'o
590 122 690 176 rami
710 121 867 176 snoonm

140 279 176 327 ot
264 265 338 352 (26)
384 270 518 331 Camelos
548 273 627 331 inter
656 278 789 331 armenta
815 272 911 349 pascit
940 273 1052 352 oriens,
1086 287 1214 350 quarum

195 359 255 419 duo
274 377 396 440 genera,
419 359 553 420 Bactriae
573 367 603 419 et
620 359 758 441 Arabiae,
781 360 935 441 differunt,
959 359 1038 438 quod
1057 359 1124 419 illae
1142 359 1214 421 bina

195 447 306 507 habent
324 447 429 508 tubera
448 451 479 508 ιιι
499 450 596 530 dorso,
616 449 671 508 hae
691 448 806 526 singula
826 456 856 508 et
874 448 929 508 sub
943 455 1065 527 pectore
1085 448 1213 508 alterum

195 539 244 596 cui
268 536 449 596 incumbant.
477 537 611 597 dentium
634 539 789 616 superiore
813 536 916 597 ordine
940 544 973 597 ut
995 536 1097 626 boves⁸
1110 544 1215 597 carent

195 627 226 683 in
250 631 378 703 utroque
402 644 519 704 genere.
564 644 667 686 omnes
691 633 791 686 autem
814 628 1016 686 iumentorum
1039 628 1245 687 ministeriis⁵

141 719 177 769 68
196 713 285 772 dorso
309 714 475 792 funguntur
502 722 591 792 atque
615 717 704 774 etiam
732 717 882 793 equitatus
905 717 935 774 in
958 715 1088 794 proeliis,
1135 715 1213 776 velo-

195 803 270 861 citas
292 810 327 862 ut
349 821 440 885 equo,
464 803 516 863 sed
541 821 593 864 sua
616 806 724 886 quique
748 821 888 863 mensura
912 805 1000 863 sicuti
1022 805 1109 863 vires.
1156 821 1213 863 neo

195 889 273 949 ultra
297 891 454 952 adsuetum
471 892 607 970 procedit
630 893 771 972 spatium,
795 911 850 952 nec
869 891 936 971 plus
959 894 1096 957 instituto
1120 910 1213 951 onere

195 981 311 1057 recipit.
355 980 455 1040 odium
479 981 621 1040 adversus
644 999 737 1060 equos
761 987 869 1058 gerunt
892 980 1034 1040 naturale.
1079 982 1159 1040 sitim
1182 991 1214 1040 et

195 1068 361 1146 quadriduo
385 1069 513 1129 tolerant
534 1068 759 1150 inplenturque,
783 1088 851 1130 cum
874 1067 995 1128 bibendi
1018 1071 1133 1128 occasio
1157 1077 1213 1149 est,
1229 1081 1258 1119 1⁰

195 1165 226 1216 ot
249 1159 280 1215 in
303 1160 498 1235 praeteritum
525 1160 609 1218 etin
632 1158 780 1238 futurum,
810 1157 967 1217 obturbata
990 1157 1214 1236 proculcatione

194 1247 279 1323 prius
303 1263 393 1324 aqua:
417 1245 597 1325 aliter-potu
620 1265 680 1306 non
704 1247 840 1324 gaudent.
873 1249 976 1306 vivunt
995 1248 1214 1325 quinquagenis

195 1335 294 1415 anniS,
327 1335 471 1412 quaedam
502 1341 531 1394 et
559 1337 701 1396 centenis,
749 1339 903 1413 utrimque
931 1333 1044 1394 rabiem
1075 1341 1104 1394 et
1130 1337 1213 1413 ipsae

195 1382 337 1482 sentitlnt
379 1423 527 1482 castrandi
550 1441 645 1501 genus
668 1425 757 1483 etiam
780 1425 904 1483 feminas
928 1441 1003 1502 quae
1026 1422 1103 1483 bello
1126 1439 1212 1502 prae·

194 1516 339 1596 parentur
361 1513 516 1571 inventum
539 1519 600 1572 est:
573 1512 809 1572 tlortiorest
785 1519 826 1572 ita
849 1513 925 1571 liunt
947 1513 1007 1572 coit
1008 1530 1029 1571 u
1051 1520 1166 1590 negato
1229 1523 1256 1563 1⁵

141 1606 176 1654 69
264 1591 337 1679 (27)
370 1599 483 1659 Harum
506 1599 603 1678 aliqua
626 1599 818 1660 similit'udo
810 1619 841 1660 m
865 1601 924 1660 duo
947 1601 1090 1661 transfert
1078 1607 1127 1660 tur
1151 1602 1212 1660 ani·

194 1685 290 1744 malie.
334 1686 433 1747 nabun
456 1687 616 1767 Aethiopes
639 1697 745 1748 vocant
768 1689 843 1748 collo
867 1689 993 1750 similem
1017 1707 1108 1769 equo,
1130 1689 1212 1768 pedi-

195 1773 252 1833 bus
276 1782 306 1834 et
327 1774 466 1836 cruribus
485 1774 562 1858 bovi,
586 1776 697 1836 camelo
721 1779 825 1858 capite,
848 1777 923 1837 albis
946 1777 1069 1837 maculis
1088 1777 1212 1837 rutilum

195 1861 326 1922 colorem
363 1864 628 1946 distinguentibus,
665 1865 744 1925 unde
782 1865 925 1946 appellata
962 1865 1212 1946 camelopardalis,

195 1951 348 2013 dictatoris
372 1951 506 2014 Caesaris
534 1953 720 2017 circensibus
747 1954 824 2014 ludis
851 1957 982 2034 primum
1008 1957 1070 2015 visa
1092 1955 1210 2014 Romae.
1226 1966 1254 2006 2⁰

195 2034 231 2099 ex
255 2059 290 2100 eo
312 2041 438 2102 subinde
463 2044 597 2104 cernitur
616 2043 758 2122 adspectu
782 2046 875 2122 magis
894 2061 982 2121 quam
1000 2045 1118 2104 feritate
1142 2061 1210 2103 con·

195 2131 311 2212 spicua,
334 2149 426 2208 quare
450 2133 538 2192 etiam
562 2134 625 2192 ovis
647 2133 727 2192 lerae
750 2150 859 2192 nomen
882 2134 1004 2192 invenit.
1108 2137 1110 2148 '

140 2226 176 2275 τι
265 2212 322 2280 19.
361 2213 434 2301 (28)
485 2219 607 2299 Pompei
637 2219 735 2298 Magni
764 2223 894 2300 primum
923 2220 985 2280 ludi
1015 2221 1211 2280 ostenderunt

194 2307 306 2388 chama,
330 2326 419 2386 quem
439 2308 513 2369 Galli
535 2309 645 2370 rufium
665 2307 818 2390 vocabant,
842 2309 945 2388 effigie·
956 2308 1028 2390 lupi,
1050 2309 1211 2388 pardorum

170 2395 326 2456 maculis.
363 2398 453 2458 iidem
477 2416 513 2456 ex
536 2397 689 2477 Aethiopia
713 2415 786 2475 quas
809 2405 915 2472 vocant
938 2397 1061 2478 cophos
1085 2415 1210 2500 quarum
1225 2409 1252 2449 2⁵

193 2483 285 2563 pedes
315 2489 498 2562 posteriores
527 2484 655 2565 pedibus
684 2485 821 2546 humanis
852 2494 882 2546 et
911 2485 1063 2566 eruribus,
1095 2489 1210 2566 priores

193 2572 331 2632 manibus
351 2575 435 2634 luere
459 2574 579 2634 similes
608 2575 666 2634 hoc
689 2574 796 2634 animal
814 2583 882 2656 post
884 2593 917 2635 ea
870 2575 1028 2636 tRoma
1052 2593 1111 2634 non
1130 2574 1209 2634 vidit.

139 2669 173 2718 rt
263 2655 321 2724 20.
361 2655 434 2744 (29)
481 2662 590 2723 lisdem
612 2663 690 2723 ludis
718 2671 748 2724 et
770 2663 944 2725 rhinoceros
968 2665 1057 2723 unius
1085 2666 1115 2723 in
1139 2681 1209 2722 nare

194 2767 317 2831 corone,
348 2750 469 2828 qualis
470 2770 557 2830 saepe
586 2754 675 2813 visus.
724 2751 798 2812 alter
820 2753 869 2812 hic
893 2754 1010 2830 genitus
1033 2752 1128 2812 hostis
1153 2751 1209 2811 ele-

192 2837 304 2916 phanto
328 2858 422 2900 cornu
446 2839 481 2902 ad
506 2858 574 2900 sana
597 2840 697 2900 limato
720 2848 878 2919 praeparat
901 2859 932 2900 se
955 2857 1085 2922 pugnae,
1113 2843 1144 2899 in
1168 2839 1208 2898 di·
1222 2852 1251 2892 ³0

264 3029 465 3082 bministeriis
484 2981 569 3084 Salo.
597 3029 627 3082 in
644 3029 689 3083 his
708 3029 789 3083 terris
808 3030 836 3084 ιι.
927 3029 1106 3096 oequito'ous
1127 3027 1190 3080 1²
1178 3044 1210 3081 ιιι

191 3115 247 3153 roa.
276 3100 406 3182 -tufsst
435 3102 548 3158 -tumr
640 3102 711 3154 'tut
732 3117 804 3169 equo
829 3116 876 3170 epo
898 3116 959 3154 noo
983 3102 1035 3154 too.
1057 3104 1146 3169 p..76
1180 3099 1210 3152 ιιι

191 3186 279 3239 equos
301 3175 333 3224 B.
363 3171 393 3224 in
416 3187 519 3240 aequos
541 3157 609 3227 Μ’ῑ.
642 3171 672 3224 in
694 3171 791 3239 aequis
815 3173 851 3226 ιι
885 3172 959 3225 inter
982 3187 1068 3239 equos
1096 3172 1208 3252 (aequos

191 3241 236 3308 1³²)
255 3259 299 3296 ιιι.
326 3242 405 3315 leue
423 3244 510 3312 utque
528 3243 594 3297 ιιι1
622 3259 674 3296 suo
692 3259 833 3311 omquer
907 3248 940 3296 12
958 3260 1036 3312 prius
1055 3239 1126 3296 ahl.
1153 3241 1209 3310 pri-

191 3329 295 3366 muer
388 3321 420 3369 13
445 3314 584 3384 utrimque
604 3315 632 3383 (ι’.
652 3330 672 3368 e.
691 3313 721 3367 in
739 3315 857 3382 utroque
877 3329 956 3380 sexu,
984 3314 1035 3379 cfr.
1060 3315 1133 3364 VIII
1145 3316 1207 3366 163.

192 3384 258 3449 187)
282 3400 337 3453 epo.
366 3387 517 3454 utcumque
541 3387 601 3440 tto
676 3391 709 3438 16
733 3384 886 3439 similitudo
909 3355 985 3438 ιιι).
1016 3382 1149 3438 similit-oo
1172 3382 1208 3436 dl.

147 3451 530 3510 ·-milir.1tnabun
548 3461 600 3510 tto
629 3473 738 3510 --ιιιιιιι
811 3462 845 3510 ιι
869 3455 971 3510 oviso
999 3454 1048 3510 oui
1066 3455 1093 3508 ιι.
1175 3459 1209 3508 24

192 3521 297 3576 chaum
314 3525 456 3581 F²o²1tob
486 3528 586 3582 chama
603 3543 647 3580 ro.
731 3532 764 3582 25
784 3528 888 3598 cophos
907 3526 1011 3583 ⁸²Rob.
1040 3524 1210 3594 caephusr.

192 3599 345 3661 oaepuslt.
375 3597 521 3666 cephusr.
