2594 3960
330 140 415 195 NAT.
434 139 527 194 HIST.
547 139 586 194 xi
606 145 710 195 1e-21
731 143 858 212 (ro-rr)
1033 143 1099 210 225

65 299 188 371 aperto
206 298 236 351 et
257 292 289 350 in
309 290 402 350 altum
426 289 528 371 elatae,
550 292 631 369 gyris
649 289 749 352 volatu
772 289 869 373 editis,
891 300 956 354 tum
979 294 1100 356 demum

65 381 113 440 ad
146 379 243 440 eibum
270 379 407 439 redeunt.
454 381 513 439 vita
535 377 583 440 his
609 378 794 462 longissima,
822 390 857 442 ut
882 400 1027 463 prospere
1054 385 1098 445 in·
1118 392 1152 440 69

66 471 171 530 imica
193 486 226 528 ac
249 469 374 528 fortuita
397 468 517 548 cedant,
546 469 678 549 septenis
701 471 795 531 annis.
842 473 996 532 universas
1019 473 1100 535 alvos

68 574 245 636 numquam
269 556 348 618 ultra
370 556 474 617 decem
498 574 592 618 annos
615 557 739 619 durasse
762 559 908 638 proditur.
955 569 1026 622 sunt
1048 564 1100 642 qui

35 653 228 726 emortuas,
253 648 279 706 si
300 647 380 706 intra
403 653 516 706 tectum
539 644 637 706 hieme
661 654 832 729 serventur,
855 649 925 710 dein
948 649 1011 710 sole
1034 669 1099 711 ver·

69 754 119 796 no
144 742 319 796 torreantur
341 753 374 796 ac
398 734 526 796 ficulneo
549 736 651 796 cinere
676 736 776 815 tepido
800 738 970 820 foveantur,
992 747 1100 818 putent

69 826 281 904 revivescere3
317 817 391 917 (23)
422 825 453 884 in
483 831 580 886 totum
609 841 680 885 vero
712 827 835 886 amissas
864 829 998 906 reparari
1027 847 1097 890 ven·
1118 835 1152 884 70

70 912 179 974 tribus
208 911 331 974 bubulis
359 911 534 974 recentibus
567 930 636 974 cum
660 913 893 1003 timoobrutis,
915 913 1100 995 Vergilius

70 1005 278 1063 iuvencorum
301 1019 428 1081 corpore
452 1003 632 1082 exanimato,
656 1005 736 1064 sicut
758 1021 906 1082 equorum
928 1022 1034 1084 vespas
1057 1014 1099 1066 at·

30 1108 57 1147 ro
73 1109 140 1172 que
159 1086 332 1170 crabrones,
356 1092 434 1152 sicut
452 1091 606 1151 asinorum
629 1090 813 1172 scarabaeos,
836 1098 971 1154 mutante
994 1101 1100 1155 natura

71 1199 116 1240 ex
141 1179 206 1240 aliis
231 1179 376 1258 quaedam
399 1180 430 1240 in
453 1178 517 1240 alia.
541 1179 595 1240 sed
617 1179 725 1241 horum
749 1183 883 1242 omnium
910 1183 1007 1242 coitus
1035 1200 1099 1243 cer·

73 1276 204 1330 nuntur.
261 1275 292 1328 et
324 1275 423 1328 tamen
453 1270 485 1328 in
518 1268 582 1329 fetu
620 1268 722 1329 eadem
758 1289 852 1350 prope
886 1279 992 1332 natura
1024 1289 1099 1350 quae

73 1357 195 1437 apibus.
1060 1429 1067 1442 ,

146 1440 206 1508 al.
232 1438 307 1528 (24)
329 1443 443 1525 Vespae
467 1448 497 1507 in
521 1444 641 1508 sublimi
665 1465 681 1506 e
708 1446 772 1509 luto
800 1447 887 1508 nidos
915 1448 1041 1529 faciunt,
1068 1450 1101 1508 in
1120 1453 1151 1502 '11

36 1535 126 1598 tollis
150 1552 251 1616 cerae,
281 1533 443 1594 crabrones
470 1537 606 1595 cavernis
634 1543 685 1596 aut
712 1535 769 1596 sub
797 1543 886 1596 terra.
933 1544 964 1597 et
991 1537 1101 1597 horum

76 1626 215 1686 omnium
229 1623 406 1702 sexangulae
421 1622 521 1705 cellae,
540 1641 628 1684 cerae
641 1632 773 1686 auteme
792 1627 914 1706 cortice,
932 1643 1100 1686 araneosae.
1177 1658 1182 1664 .

78 1715 159 1774 tetus
190 1715 256 1793 ipse
284 1711 449 1792 inaequalis
479 1719 514 1772 ut
542 1710 691 1794 barbaris,
721 1713 796 1774 alius
825 1714 934 1796 evolat,
956 1714 1039 1775 ‘alius
1068 1717 1101 1774 in

81 1801 211 1882 nympha
235 1808 294 1882 est,
322 1801 397 1862 alius
420 1803 451 1861 in
472 1801 652 1881 vermiculo,
685 1810 715 1862 et
743 1810 900 1883 autumno,
933 1821 993 1863 non
1021 1821 1101 1884 vere,

82 1893 180 1952 omnia
212 1908 255 1951 ea.
307 1889 471 1969 plenilunio
507 1891 634 1952 maxime
670 1897 819 1952 crescunt.
871 1903 986 1970 ‘vespae
1024 1909 1100 1969 quae
1120 1897 1153 1946 aa

41 1998 67 2038 ao
81 1981 300 2042 ichneumones
318 1986 462 2040 vocantur
486 2011 528 2020 —
553 1986 624 2040 sunt
647 1987 747 2040 autem
770 1980 901 2040 minores
921 1991 1010 2058 quam
1028 1980 1101 2041 aliae

81 2104 122 2112 —
147 2086 245 2129 unum
263 2085 357 2146 genus
377 2085 413 2128 ex
433 2069 548 2128 araneis
566 2076 740 2148 peremunt,
762 2067 952 2146 phalangium
975 2067 1101 2147 appella-

80 2169 155 2239 tum,
178 2166 210 2219 et
227 2160 259 2217 in
278 2156 363 2218 nidos
383 2175 454 2217 suos
474 2157 584 2237 serunt,
608 2156 715 2217 deinde
734 2155 863 2216 inlinunt
887 2164 917 2215 et
936 2174 973 2215 ex
995 2158 1033 2216 iis
1056 2157 1100 2216 in-

80 2246 219 2310 cubando
243 2263 332 2306 suum
359 2263 455 2325 genus
481 2252 650 2325 procreant.
696 2251 852 2324 praeterea
879 2261 983 2304 omnes
1012 2261 1101 2304 carne

80 2341 247 2397 vescuntur
266 2341 369 2395 eontra
388 2351 477 2414 quam
496 2352 566 2412 apes
586 2351 661 2413 quae
681 2332 796 2395 nullum
815 2350 925 2412 eorpus
943 2334 1102 2412 attingunt.

44 2444 68 2484 as
81 2425 136 2486 sed
163 2441 271 2504 vespae
299 2441 418 2484 muscas
445 2422 620 2502 grandiores
648 2430 794 2483 venantur
822 2429 1033 2501 amputatoque
1065 2424 1102 2482 iis

81 2515 180 2594 capite
207 2511 359 2591 reliquum
392 2530 503 2591 corpus
530 2511 680 2571 auserunt.
736 2509 917 2572 crabronum
949 2505 1101 2572 silrestres
1122 2515 1155 2565 73

83 2606 113 2663 in
132 2601 276 2663 arborum
295 2603 429 2661 cavernis
452 2600 573 2681 dogmat,
596 2600 694 2660 hieme
718 2608 753 2660 ut
774 2607 875 2660 cetera
894 2602 1008 2660 insecta
1032 2618 1100 2660 con·

117 2761 297 2769 .-.ῳ-..-

156 2849 170 2897 1
191 2842 283 2897 elatae
301 2847 336 2897 Ι.
363 2841 446 2896 datae
464 2859 504 2896 rc.
529 2843 534 2910 Ι
559 2843 652 2912 egyris
670 2839 736 2895 Μ’,
764 2840 849 2911 egiris
866 2845 920 2894 Ba.
946 2841 951 2908 Ι
976 2839 1058 2895 editis
1076 2857 1102 2894 c.

87 2915 120 2969 -ti
136 2920 171 2968 li.
200 2914 258 2966 -tns
276 2929 298 2967 r.
377 2910 457 2967 this
474 2918 510 2966 Π.
539 2913 583 2967 est
599 2929 622 2968 r.
651 2911 691 2967 eis
709 2928 734 2967 c.
758 2913 762 2981 Ι
784 2915 817 2965 ut
834 2916 912 2967 nido.
941 2912 1031 2966 eutr.

88 2993 102 3040 3
124 2986 187 3041 dist.
206 2984 280 3038 Det.
306 2985 310 3052 Ι
335 2983 479 3039 universas
502 2983 581 3039 alvos
602 2983 767 3053 Modoipiue
789 2983 852 3039 ado.
871 2982 932 3039 erit.
951 2985 987 3034 ΙΙ
995 2986 1103 3051 p.525.

89 3074 130 3111 -sa
147 3055 241 3110 saluos
259 3059 295 3109 Π.
324 3071 367 3110 -sa
386 3054 466 3110 aluos
484 3071 529 3110 ro.
616 3053 887 3110 bac-foueantur
903 3057 982 3109 atde.
1010 3069 1062 3108 em.
1080 3069 1103 3107 r.

90 3127 212 3198 itepide
235 3127 305 3180 cent.
326 3126 453 3182 Moriere.
489 3126 587 3196 t.pido
610 3130 646 3179 Ι.
682 3124 801 3180 totidem
827 3124 922 3194 tepide
944 3125 1002 3180 cod.
1022 3123 1104 3192 citat

90 3201 146 3254 toto
163 3197 209 3253 die
227 3214 253 3254 o.
363 3202 397 3251 10
420 3198 586 3252 scarabaeos
604 3201 660 3251 ilio.
694 3213 786 3251 -orum
803 3213 827 3250 r.
931 3201 964 3250 11
989 3212 1024 3250 ex
1041 3195 1105 3249 aliis

92 3270 279 3326 -cemnntnr
292 3285 342 3324 om.
356 3273 388 3322 B.
417 3285 452 3323 ex
465 3267 614 3322 aliis-la
631 3266 662 3322 in
675 3266 735 3322 fetu
749 3283 800 3322 om.
814 3267 852 3321 (1¹.
926 3273 960 3322 lo
975 3283 1055 3321 cerae
1069 3271 1105 3320 ι

89 3339 259 3396 -rarHord
283 3340 287 3409 Ι
310 3339 500 3394 eledBas.
528 3355 579 3394 om.
593 3355 616 3394 r.
640 3341 645 3407 Ι
673 3337 795 3393 corticea
813 3338 927 3393 dHard.
954 3339 959 3407 l
987 3354 1105 3391 araneus

88 3413 184 3468 effetus
202 3417 234 3466 B.
262 3413 292 3466 et
310 3425 446 3466 araneosa
464 3411 537 3466 fetus
556 3409 671 3465 cnara
745 3415 778 3463 17
797 3411 829 3462 ul
846 3408 974 3464 barbaris
988 3413 1023 3462 lt.
1048 3426 1106 3462 -rus

89 3485 145 3541 edd.
157 3487 220 3539 oett.
245 3483 276 3537 et
288 3499 347 3536 -rns
365 3481 472 3537 rBorb.
492 3484 522 3536 et
533 3482 628 3537 varius
640 3481 713 3536 Det.
742 3485 858 3536 edorum
876 3479 926 3547 cfr.
936 3479 1024 3534 Arist.
1037 3480 1064 3534 b.
1079 3497 1106 3534 a.

94 3559 160 3612 1123
169 3572 201 3625 p.
212 3553 312 3621 55521,
321 3558 346 3608 1.
411 3557 445 3607 18
459 3569 525 3608 uere
539 3558 574 3608 Ι.
597 3568 685 3608 uerno
698 3569 743 3607 re.
807 3555 841 3605 ab
856 3552 1057 3623 amputatoque
1070 3555 1106 3606 li.

91 3631 129 3683 -to
146 3642 191 3684 ro.
264 3630 299 3682 26
318 3625 468 3680 crabrones
486 3630 622 3681 Becare.

139 3717 208 3758 Patr.
220 3725 278 3759 ran.
291 3725 356 3762 mar.
381 3716 417 3764 IL
911 3717 942 3765 15
