2610 3960
190 119 256 186 312
547 118 576 175 o.
596 115 696 172 mnu
715 113 873 171 snounur

189 269 247 330 hec
275 268 370 330 viride
401 276 460 350 est,
493 267 567 330 illud
598 265 764 329 candidum.
818 283 834 326 e
865 267 924 327 vite
954 267 1073 346 psithia·
1093 270 1128 330 iit
1157 279 1212 332 aut

189 360 339 440 aminaea,
367 372 436 419 cum
459 366 530 421 sunt
552 359 630 419 acini
652 356 759 440 ciceris
782 355 998 446 magnitudine,
1025 365 1094 420 ante
1125 361 1212 420 canis

136 456 187 504 131
198 455 307 509 ortum.
353 449 385 508 in
407 447 503 526 prima
522 447 661 526 lanugine
679 443 841 506 demetitur
859 463 916 506 uva
935 446 1060 526 eiusque
1077 447 1211 527 melligo.

188 537 341 616 reliquum
365 552 475 616 corpus
504 535 565 596 sole
594 534 746 615 coquitur,
774 537 914 596 nocturni
941 551 1027 596 rores
1054 543 1211 598 caventur.

187 627 218 686 in
237 624 321 686 fictili
339 624 458 686 eonfflta
481 625 599 704 melligo
623 623 781 704 colligitur,
805 621 931 684 subinde
955 631 987 684 et
1004 622 1111 705 Cyprio
1136 637 1241 686 aeret

188 721 332 776 seruatur.
364 715 477 795 optima
495 731 571 794 quae
595 713 670 792 ruia,
694 713 851 790 acriorque
875 720 906 773 et
922 712 1042 774 aridior.
1073 717 1212 794 pretium

188 802 343 884 omphacio
367 805 399 864 in
422 803 515 864 libras
539 802 629 864 llvl.
666 801 700 861 ilt
723 809 755 862 et
776 800 832 862 alio
856 801 954 884 modo,
977 819 1046 863 cum
1068 804 1101 874 in
1123 819 1209 863 mor-

187 894 272 954 tariis
294 909 352 955 ura
374 894 523 955 inmatura
545 893 655 954 teritur
684 891 852 970 siccataque
879 892 911 951 in
940 890 1002 951 sole
1028 899 1133 971 postea
1162 891 1210 952 di-

187 983 302 1061 geritur
325 984 357 1042 in
379 981 523 1062 pastillos.

134 1079 185 1128 132
256 1065 314 1133 28.
339 1064 414 1154 (61)
437 1070 551 1131 Eodem
574 1077 605 1129 et
627 1068 722 1148 bryon
744 1069 885 1149 pertinet,
907 1086 964 1129 uva
986 1068 1089 1148 populi
1111 1067 1209 1130 albae.
1227 1081 1258 1122 1⁰

187 1159 298 1240 optima
322 1161 401 1220 circa
424 1158 551 1221 Cnidum
575 1164 626 1219 aut
649 1153 766 1218 Cariam
787 1157 820 1217 in
843 1156 1014 1218 sitientibus
1042 1163 1093 1218 aut
1114 1159 1209 1218 siccis

186 1249 370 1330 asperisque,
394 1249 524 1310 secunda
546 1250 578 1310 in
601 1245 707 1326 Lyciae
731 1245 829 1307 cedro.
875 1245 980 1308 eodem
1004 1253 1034 1306 et
1056 1247 1210 1324 oenanthe

186 1339 330 1419 pertinei3
360 1345 406 1398 est
435 1345 535 1398 antem
561 1334 630 1397 ritis
659 1334 814 1397 labruscae
843 1333 913 1416 uva,
943 1333 1104 1417 colligitur,
1134 1353 1210 1397 cum

185 1425 287 1509 floret,
315 1427 345 1488 id
375 1433 421 1487 est
448 1443 517 1488 oum
544 1427 656 1505 optime
683 1423 756 1506 olet,
786 1425 916 1485 siccatur
941 1425 973 1484 in
1000 1423 1105 1484 unrbra
1133 1423 1208 1485 suh-

134 1523 184 1572 133
195 1523 289 1576 strato
307 1515 399 1576 linteo
423 1523 511 1594 atque
535 1517 567 1575 in
590 1513 679 1575 cados
698 1513 845 1575 conditur.
878 1515 1047 1593 praecipua,
1060 1531 1097 1574 ex
1114 1511 1207 1574 Para·
1225 1527 1256 1568 1⁵

185 1605 330 1685 potanda,
362 1604 492 1665 secunda
527 1603 564 1664 ah
594 1602 751 1664 Antiochia
784 1610 873 1681 atque
907 1599 1055 1664 Laudicea
1092 1600 1209 1684 Syriae,

185 1694 274 1753 tertia
297 1711 335 1753 ex
356 1691 510 1754 montibus
532 1691 663 1754 Medicis.
709 1691 782 1752 haec
805 1691 907 1753 utilior
930 1691 1102 1752 medicinae.
1139 1693 1210 1771 qui·

186 1780 253 1842 dam
280 1780 419 1842 omnibns
448 1781 496 1842 his
524 1779 700 1862 praeierunt
727 1795 792 1842 eam
822 1795 897 1860 qnae
925 1783 955 1840 in
983 1779 1079 1860 Cypro
1106 1779 1211 1842 insula

131 1894 132 1898 ¹
186 1870 327 1933 nascitur.
365 1887 434 1932 nam
457 1886 533 1950 quae
555 1873 587 1931 in
601 1869 701 1930 hirica
724 1871 758 1930 iit
781 1869 817 1932 ad
840 1869 972 1930 medicos
996 1877 1112 1930 tantum
1134 1887 1210 1949 per·

184 1962 262 2020 tinet
284 1967 466 2040 vocaturque
490 1961 639 2021 massula
676 1961 774 2020 omnis
796 1966 897 2020 autem
920 1975 956 2018 ex
980 1957 1045 2020 alba
1066 1955 1210 2020 labrusca
1227 1973 1258 2014 ao

185 2051 384 2128 praestantior
407 2065 497 2128 quam
520 2067 536 2109 e
559 2051 652 2128 nigra.
1103 2058 1105 2062 ·

133 2145 187 2193 134
255 2131 329 2222 (62)
366 2137 421 2198 Est
450 2143 606 2218 praeterea
636 2135 725 2197 arbor
755 2136 791 2197 ad
822 2136 924 2198 eadem
954 2143 1106 2216 unguenta
1133 2140 1207 2216 per·

185 2229 284 2288 tinans
308 2243 397 2306 qtram
420 2227 469 2288 alii
492 2226 590 2288 elaten
613 2233 719 2287 vocant
742 2257 785 2268 --
809 2225 889 2305 quod
916 2241 972 2286 nos
999 2225 1126 2286 abietem
1150 2255 1206 2309 -,

185 2315 234 2375 alii
256 2314 396 2397 palmam,
419 2316 468 2376 alii
491 2315 634 2396 spatham.
675 2313 813 2376 laudatur
834 2314 1045 2376 Hammoniaca
1066 2317 1206 2396 manime,

184 2421 253 2464 mox
275 2404 431 2486 Aegyptia,
453 2403 522 2465 dein
547 2404 679 2486 Syriaca,
702 2404 855 2467 dumtaxat
880 2400 1009 2465 in'loeis
1031 2403 1205 2465 sitientibus
1223 2417 1253 2458 2⁵

185 2491 289 2574 odora,
317 2495 422 2572 pingui
444 2493 578 2575 lacrima,
606 2495 736 2572 quaein
759 2499 912 2573 ungnenta
940 2491 1059 2554 additur
1086 2492 1121 2552 ad
1150 2492 1204 2554 do-

184 2581 327 2644 mandum
350 2580 457 2642 oleum.

132 2677 185 2728 135
254 2663 329 2753 (63)
361 2671 395 2731 ln
419 2669 502 2750 Syria
525 2671 657 2750 gignitur
685 2679 716 2732 et
743 2673 913 2732 cinnamum
941 2671 1020 2750 quod
1048 2685 1204 2732 comacum

254 2893 526 2950 namimeaicaas.
545 2894 624 2950 amia
635 2895 707 2950 ΒΝ.
728 2893 803 2950 -inea
815 2895 1056 2952 autumnae.
1075 2895 1204 2950 aminnias

183 2960 230 3020 adss
257 2967 262 3034 Ι
287 2967 400 3021 santii.
429 2965 588 3021 similt’riu.
617 2966 654 3020 sit
670 2965 736 3021 1³¹⁸.
826 2965 977 3023 iiconditu
993 2973 1046 3022 ito.
1073 2969 1132 3021 -iae
1149 2967 1201 3038 nl

185 3036 298 3092 collitur
315 3041 346 3092 ii.
375 3035 477 3093 colitur
495 3055 520 3092 e
537 3039 541 3106 Ι
557 3040 587 3093 et
603 3042 635 3094 B.
655 3052 705 3092 orn.
723 3053 768 3094 ro.
842 3044 874 3094 12
893 3038 980 3108 Lycia
998 3039 1132 3094 eddaute
1141 3037 1201 3092 Get.

257 3114 291 3162 14
309 3107 377 3163 flore
394 3109 582 3165 haeddante
592 3109 650 3165 (iel.
729 3115 761 3164 ld
780 3111 866 3178 atque
882 3114 958 3164 Baio.
986 3109 1071 3180 atqua
1088 3109 1131 3164 itu
1146 3115 1201 3167 liu

258 3185 291 3234 16
309 3179 451 3236 Laudicea
464 3195 520 3252 epo.
548 3195 609 3236 cae
622 3181 709 3236 wari.
738 3181 879 3236 Laodicea
891 3197 915 3236 u.
948 3197 992 3236 -ae
1004 3186 1037 3236 R.
1065 3180 1119 3236 uie
1132 3180 1201 3252 uti

185 3250 284 3320 Syriae
301 3266 326 3306 a.
350 3267 426 3320 sasp-
443 3256 475 3306 B.
504 3268 580 3322 assy.
598 3269 622 3308 r.
695 3257 730 3306 20
748 3252 880 3308 massaris
894 3251 1201 3318 inquietitudine.

182 3338 274 3377 masa
289 3320 525 3380 induceremus.
543 3339 654 3393 masya-
666 3323 739 3378 isui.
758 3323 827 3394 pris
840 3324 899 3380 adi
917 3326 921 3392 Ι
937 3323 1028 3379 omnis
1040 3323 1203 3378 Bedduute

184 3393 277 3450 Hard.
296 3393 370 3447 -ihus
384 3393 499 3450 rHord.
563 3399 598 3449 ta
612 3410 698 3464 quam
711 3400 805 3452 Date.
824 3395 899 3464 qnod
912 3400 944 3451 lh
1007 3401 1042 3450 id
1056 3411 1123 3450 mox
1134 3395 1202 3448 W

184 3467 229 3518 da.
258 3479 293 3519 ex
306 3482 329 3519 r.
402 3469 436 3518 28
456 3480 601 3520 comacum
615 3466 666 3533 (orl
680 3469 757 3536 con)
769 3468 827 3523 edd.
836 3465 1077 3522 crateBurbAErot.
1090 3481 1126 3520 ea
1138 3466 1201 3521 ind.

184 3534 258 3590 iibri.
284 3535 337 3604 cfr.
349 3535 481 3604 llaeopbr.
500 3537 525 3590 h.
540 3536 582 3605 pl.
597 3537 644 3588 IX
652 3540 717 3602 7,2‚
735 3553 813 3606 quaem
830 3543 921 3594 iunceo
936 3535 1050 3593 Plinius
1067 3537 1138 3592 mole
1154 3537 1201 3592 iu-

184 3606 293 3663 telleuit.
332 3623 506 3662 commaeum
524 3610 556 3662 u.
584 3621 729 3660 camacum
748 3609 861 3666 rHord.
890 3623 1041 3680 caryopum
1058 3607 1146 3665 Burb.
