2594 3960
211 148 275 214 256
562 149 591 205 C.
610 149 709 204 PLINI
728 149 884 207 SECUNDI

210 317 366 380 venenum,
389 307 424 361 ut
442 297 634 360 arbitrantur.
671 302 755 361 iecur
779 304 903 362 maxime
928 305 1087 364 vetustatis
1109 302 1247 381 patiens

210 391 345 450 centenis
368 387 477 450 durare
501 390 585 456 annis
609 387 798 450 obsidionum
821 391 955 471 exempla
977 392 1154 472 prodidere.

158 484 209 535 tet
278 471 352 560 (ii)
375 476 450 538 Exta
473 477 717 557 serpentibuset
739 478 858 543 lacertis
880 479 976 560 longa.
1013 479 1167 541 Caecinae
1186 477 1248 537 Vo-

209 567 358 628 laterrano
383 567 528 628 dracones
551 569 709 628 emicuisse
733 568 769 628 de
798 571 874 630 extis
896 568 973 629 laeto
1001 569 1142 648 prodigio
1173 576 1247 628 tra-

209 656 299 737 ditur,
323 664 353 716 et
371 657 506 735 proiecto
525 655 597 716 nihil
616 655 789 717 incredibile
809 660 849 718 sit
865 657 1091 719 aestimantibus
1109 655 1248 737 Pyrrho
1263 666 1275 704 ⁵

207 747 273 824 regi
295 763 355 824 quo
378 744 426 806 die
449 746 538 825 periit
560 747 694 824 praecisa
712 745 877 807 hostiarum
896 748 992 826 capita
1009 749 1142 826 repsisse
1169 763 1247 806 san-

207 837 331 914 guinem
345 852 433 895 suum
447 832 614 895 lambentia.
643 841 710 894 exta
728 833 841 895 homini
859 834 896 895 ah
914 836 1056 897 inferiore
1076 837 1247 896 viscerum

207 931 293 1003 parte
325 930 501 1003 separantur
530 922 715 1005 membrana,
745 942 834 1002 quam
863 924 1037 1003 praecordia
1068 923 1246 1004 appellant,

210 1014 279 1091 quia
293 1031 309 1072 a
324 1013 413 1072 corde
428 1012 633 1091 praetenditur
648 1012 727 1091 quod
738 1011 843 1073 Graeci
857 1013 1080 1092 appellaverunt
1094 1011 1244 1088 φρένας.

155 1112 209 1162 198
219 1104 317 1163 omnia
341 1100 460 1180 quidem
483 1100 657 1180 principalia
684 1103 797 1161 viscera
824 1100 1005 1162 membranis
1032 1103 1167 1180 propriis
1203 1118 1245 1164 ac
1261 1109 1287 1148 1⁰

208 1191 289 1251 velut
318 1192 431 1269 vaginis
461 1189 583 1249 inclusit
611 1189 771 1268 providens
801 1198 915 1250 natura.
960 1192 992 1249 in
1020 1189 1077 1249 hac
1107 1181 1166 1250 luit
1208 1197 1241 1248 et

207 1279 368 1360 peculiaris
392 1296 481 1340 causa
503 1279 639 1339 vicinitas
662 1276 726 1359 alvi,
750 1296 787 1338 ne
808 1277 878 1338 cibo
902 1279 1143 1358 supprimeretur
1167 1280 1241 1338 ani-

208 1387 285 1429 mus
329 1368 400 1427 huic
424 1374 506 1427 certe
530 1367 662 1427 relertur
685 1376 806 1446 accepta
830 1365 978 1427 subtilitas
1007 1369 1131 1448 mentis,
1160 1366 1240 1426 ideo

208 1456 290 1517 nulla
312 1464 360 1516 est
387 1458 416 1516 ei
438 1473 521 1536 caro,
549 1457 602 1515 sed
629 1474 754 1516 nervosa
782 1454 904 1516 exilitas
949 1458 981 1514 in
1009 1455 1114 1516 eadem
1141 1473 1238 1534 prae-

209 1540 294 1624 cipua
323 1543 480 1604 hilaritatis
507 1543 608 1624 sedes,
635 1545 714 1622 quod
742 1543 862 1604 titillatu
889 1547 1014 1604 maxime
1042 1543 1239 1624 intellegitur
1256 1551 1281 1591 15

209 1633 336 1714 alarum,
364 1633 401 1693 ad
425 1650 497 1712 quas
521 1630 614 1713 subit,
638 1651 697 1693 non
720 1631 811 1693 aliubi
838 1635 974 1694 tenuiore
1001 1632 1130 1693 humana
1158 1641 1236 1694 cute

208 1721 336 1800 ideoque
359 1720 501 1781 scabendi
524 1721 680 1782 dulcedine
704 1721 745 1782 ibi
767 1723 909 1800 proxima.
944 1720 982 1780 ob
1005 1720 1062 1780 hoo
1085 1724 1117 1782 in
1140 1739 1234 1800 prac-

208 1810 256 1870 liis
280 1809 535 1889 gladiatorumque
563 1809 741 1890 spectaculis
764 1818 891 1870 mortem
914 1828 983 1880 cum
1010 1811 1073 1870 risu
1103 1813 1233 1871 traiecta

209 1898 382 1979 praecordia
405 1897 577 1960 attulerunt.

157 2001 208 2050 199
277 1982 350 2071 (78)
371 1987 481 2048 Subest
499 1995 603 2048 venter
622 1986 807 2048 stomachum
820 1986 1008 2067 habentibus
1026 1989 1137 2048 ceteris
1155 1989 1230 2048 sim·
1246 1996 1273 2035 2⁰

209 2077 290 2158 plex,
322 2075 540 2137 ruminantibus
568 2078 717 2157 geminus,
748 2077 891 2156 sanguine
919 2075 1090 2137 carentibus
1118 2075 1229 2136 nullrrs.
1295 2069 1296 2094 ¹

209 2168 384 2228 intestinum
414 2167 494 2226 enim
526 2163 562 2224 ab
592 2173 655 2224 ore‘
674 2166 821 2244 incipiens
848 2163 1024 2242 quibusdam
1051 2163 1159 2224 eodem
1182 2183 1228 2224 re·

209 2255 349 2336 flectitur,
372 2261 406 2316 ut
429 2251 544 2333 saepiae
568 2261 599 2314 et
615 2253 732 2333 polypo.
769 2255 799 2313 in
823 2253 941 2314 homine
965 2252 1096 2313 adnexus
1124 2253 1229 2314 infimo

128 2375 133 2380 .
169 2397 175 2409 ,
211 2343 363 2404 stomacho
395 2341 499 2404 similis
532 2344 646 2402 canino.
707 2341 754 2401 his
784 2341 855 2402 solis
884 2341 1054 2402 animalium
1082 2341 1228 2402 inferiore

210 2439 294 2511 parte
309 2433 471 2512 angustior,
488 2433 588 2510 itaque
603 2439 634 2491 et
652 2431 714 2491 sola
731 2438 862 2512 vomunt,
881 2424 950 2509 quia
969 2429 1082 2509 repleto
1101 2438 1229 2510 propter
1242 2439 1264 2478 25

210 2523 362 2597 angustias
386 2522 582 2598 supprimitur
606 2518 700 2601 cibus,
723 2520 803 2598 quod
826 2519 960 2579 accidere
985 2529 1044 2579 non
1066 2527 1169 2598 potest
1191 2520 1228 2580 iis

211 2625 340 2686 quorum
363 2609 491 2687 spatiosa
513 2608 616 2669 laxitas
640 2625 709 2668 eum
731 2610 763 2668 in
785 2608 927 2668 inferiora
949 2609 1132 2668 transmittit.

153 2707 213 2756 eoo
281 2689 355 2778 (te)
379 2694 422 2754 Ab
446 2696 502 2756 hoc
526 2696 690 2757 ventriculo
713 2695 805 2757 laotos
827 2697 859 2757 in
882 2714 936 2756 ove
959 2704 989 2756 et
1011 2695 1145 2776 homine,
1172 2714 1227 2775 per

212 2803 285 2864 quas
309 2783 418 2844 labitur
442 2784 540 2866 oibnS,
567 2787 598 2845 in
626 2787 735 2846 ceteris
762 2784 863 2866 hillae,
891 2803 908 2844 a
936 2783 1044 2863 quihus
1072 2787 1225 2864 capaciora
1292 2847 1293 2854 ἶ

212 2875 352 2934 intestina
375 2871 410 2932 ad
434 2872 544 2955 alvum,
571 2873 743 2952 hominique
765 2873 990 2934 flexuosissimis
1013 2871 1145 2934 orbibus.
1182 2873 1223 2933 id·
1237 2883 1262 2920 ³0

212 2963 293 3021 circo
311 2963 404 3040 magis
423 2962 500 3023 avidi
519 2962 655 3023 ciborum
675 2961 783 3041 quibus
807 2961 843 3022 ab
866 2961 930 3022 alvo
948 2961 1064 3040 longius
1089 2964 1223 3042 spatium.

284 3204 496 3274 aopsidionum
513 3208 568 3260 lto.
604 3203 740 3259 obsodion
758 3209 787 3258 D.
821 3203 955 3276 odionum
971 3209 1003 3261 u.
1036 3201 1180 3257 obsidione
1198 3204 1221 3256 d.

212 3275 267 3328 hoo
286 3274 371 3330 sirion
389 3293 412 3331 e.
445 3277 494 3343 efen
513 3291 574 3330 ooo.
593 3275 646 3329 luc.
661 3291 692 3344 p.
702 3280 739 3330 90
757 3292 785 3329 u.
804 3279 848 3330 35.
874 3278 878 3341 Ι
902 3274 1032 3344 exempla
1049 3279 1133 3329 lino.
1161 3291 1222 3328 cnm

213 3345 350 3414 explenda
363 3363 386 3402 r.
412 3363 450 3402 on
463 3344 608 3402 Posidonii
626 3345 756 3416 exempla
769 3344 943 3415 probavere?
1016 3349 1032 3398 8
1050 3361 1135 3414 quam
1146 3344 1221 3400 η’.

212 3432 284 3484 quae
298 3417 411 3473 nivelo.
439 3435 532 3486 quea.
605 3417 707 3486 9quia
725 3433 743 3470 a
760 3420 833 3472 Ded.
862 3417 928 3485 quia
946 3421 997 3472 Bo.
1025 3415 1219 3486 quamalil

213 3487 291 3542 cordi
310 3504 353 3543 av.
427 3495 459 3542 17
478 3487 542 3544 ideo
555 3494 607 3544 lto.
680 3493 713 3542 22
733 3487 1092 3544 inceschumueocimaz.
1119 3503 1182 3542 mus
1198 3505 1219 3541 r.

215 3557 375 3628 linoipiens
393 3559 494 3614 neda.
509 3559 677 3614 aoteHard.
705 3562 767 3613 -ent
783 3563 861 3616 mid.
890 3557 1218 3630 ·ete.1quidam1lad¹.

185 3669 190 3680 .
284 3635 318 3684 25
337 3630 432 3699 itaque
450 3629 536 3686 Bida.
565 3630 660 3698 linque
678 3635 712 3687 hi.
741 3630 812 3699 liqui
829 3637 859 3688 n.
887 3629 948 3699 liqu
966 3649 990 3686 ι
1019 3629 1127 3699 liquida
1143 3630 1186 3686 ΕΙ.
