2636 3952
360 111 445 166 ΝΑΤ.
464 111 557 184 Hier.
577 113 602 166 Χ
621 119 726 168 21-22
746 117 873 186 (ec-er)
1062 116 1123 178 171

102 279 177 321 cere
206 259 297 321 oblito
325 260 424 339 figlina
454 269 544 322 creta.
589 262 705 324 facilius
732 267 773 325 ita
800 267 1008 344 pinguescunt.
1052 265 1124 326 Per-

100 351 186 429 gami
209 349 347 410 omnihus
371 352 456 410 annis
479 351 681 430 spectaculum
709 353 852 430 gallorum
879 354 997 433 publice
1026 353 1125 415 editur

99 457 164 498 ceu
188 437 392 517 gladiatorum.
437 440 589 503 invenitur
617 442 648 500 in
678 441 867 502 annalibus
896 445 927 503 in
958 461 1028 522 agro
1059 442 1124 503 hri·

100 529 238 588 minensi
260 526 297 586 M.
320 526 432 606 Lepido
456 527 490 600 Q.
505 527 608 589 Catulo
632 547 691 589 cos.
715 529 836 590 invilla
859 529 968 591 Galerii
991 530 1123 592 locutum

66 641 83 680 5
102 615 318 696 gallinaceum,
342 617 447 696 semel,
470 617 550 695 quod
573 618 712 696 equidem
735 619 834 678 sciam.

176 698 235 765 22.
256 697 330 786 (26)
353 703 408 764 Est
425 712 456 766 et
474 708 573 765 anseri
595 706 663 784 vigil
687 724 759 766 cura
783 705 925 785 Capitolio
948 714 1055 768 testata
1074 708 1123 768 de·
1143 708 1175 756 51

99 793 202 874 senso,
225 811 280 871 per
302 793 333 852 id
351 801 469 873 tempus
493 812 600 855 canum
623 795 740 856 silentio
763 796 889 874 proditis
912 794 1013 876 rebus,
1036 815 1125 875 quam

99 881 145 942 oh
179 899 299 942 eausam
332 881 441 943 cibaria
473 901 613 943 anserum
645 901 786 944 censores
817 886 848 943 in
880 886 985 963 primis
1016 884 1124 946 locant.

101 973 182 1050 quin
206 977 237 1031 et
259 970 336 1030 lama
359 973 467 1032 amoris
485 971 571 1050 Aegii
593 971 701 1032 dilecta
723 973 818 1032 forma
836 974 923 1051 pueri
941 975 1061 1032 nomine

53 1076 85 1114 1o
103 1059 198 1120 Oleni
228 1067 260 1118 et
289 1058 414 1119 Glauces
443 1059 612 1120 Ptolemaeo
640 1063 704 1139 regi
732 1062 845 1121 cithara
873 1063 1007 1120 canentis
1036 1078 1125 1139 quam

101 1147 222 1209 eodem·
239 1156 374 1227 tempore
399 1155 428 1207 et
455 1149 533 1208 aries
561 1167 674 1209 amasse
702 1148 848 1228 proditur.
893 1151 993 1228 potest
1021 1156 1052 1210 et
1079 1167 1123 1208 sa·

98 1238 239 1318 pientiae
268 1236 363 1296 videri
390 1235 558 1298 intellectus
585 1236 632 1297 his
661 1255 736 1298 esse.
782 1240 824 1298 ita
851 1255 951 1298 comes
977 1245 1125 1317 perpetuo

98 1325 277 1386 adhaesisse
296 1324 404 1403 Lacydi
425 1324 602 1405 philosopho
626 1326 744 1407 dicitur,
766 1345 914 1406 nusquam
937 1326 973 1386 ab
997 1345 1042 1406 eo,
1065 1344 1126 1386 non

98 1418 137 1475 in
168 1412 304 1494 publico,
342 1432 402 1473 non
431 1416 462 1473 in
492 1413 632 1495 balineis,
665 1433 726 1476 non
760 1423 868 1496 noctu,
903 1433 964 1475 non
993 1415 1146 1498 interdiu·

53 1517 82 1558 15
99 1504 271 1582 digressus,

175 1585 250 1674 (27)
278 1591 378 1651 Nostri
402 1593 597 1670 sapientiores
626 1595 678 1670 qui
700 1612 752 1653 eos
775 1595 883 1654 iecoris
911 1591 1045 1653 bonitate
1073 1609 1124 1652 no-
1144 1591 1178 1642 52

98 1699 186 1741 vere.
214 1679 362 1740 fartilibus
376 1681 407 1739 in
421 1697 557 1758 magnam
575 1680 800 1759 amplitudinem
819 1684 937 1762 crescit,
956 1690 1126 1759 exemptum

102 1787 228 1848 quoque
252 1767 328 1828 lacte
352 1769 448 1829 mulso
472 1776 606 1848 augetur.
634 1787 690 1836 neu
710 1772 773 1831 sinc
794 1789 883 1831 causa
900 1773 933 1830 in
952 1771 1125 1848 quaestione

102 1866 155 1918 est
184 1860 251 1936 quis
278 1864 395 1917 tantum
422 1855 534 1917 honum
561 1860 722 1940 invenerit,
751 1859 889 1938 Scipione
918 1857 1055 1918 Metellus
1081 1859 1127 1916 vir

61 1961 90 2000 20
106 1945 278 2008 consularis
302 1963 338 2005 an
353 1945 390 2005 M.
406 1945 493 2006 Seius
517 1946 621 2006 eedem
644 1953 739 2007 aetate
763 1965 857 2025 eques
871 1946 1031 2006 Romanus.
1064 1944 1126 2025 sed,

103 2027 190 2115 quod
219 2042 350 2114 constat,
376 2033 554 2094 Messalinus
582 2033 680 2116 Cotta,
712 2033 852 2096 Messalae
881 2036 1008 2095 oratoris
1038 2032 1127 2113 tilius,

100 2124 220 2204 palmas
243 2123 353 2202 pedum
376 2142 414 2182 ex
436 2123 483 2183 his
511 2131 628 2183 torrere
657 2131 746 2202 atque
774 2125 883 2202 patinis
910 2141 980 2182 cum
1008 2120 1126 2200 gallina-

101 2230 233 2274 ceorum
255 2213 354 2272 cristis
378 2212 500 2272 condire
523 2213 645 2292 reperit.
690 2211 839 2272 tribuetur
863 2213 943 2271 enim
966 2228 982 2268 a
1005 2227 1052 2268 me
1076 2227 1126 2268 cu·

101 2301 178 2362 linis
207 2303 353 2378 cuiusque
382 2300 479 2379 palma
511 2293 580 2360 cum
611 2300 677 2361 lide.
727 2302 838 2360 mirum
865 2302 896 2359 in
924 2297 979 2358 hac
1010 2297 1078 2358 alite
1109 2298 1179 2356 a53

61 2401 88 2441 25
101 2389 232 2451 Morinis
254 2407 350 2468 nsque
373 2388 497 2469 Romam
524 2389 650 2468 pedibus
677 2391 788 2449 venire.
834 2389 905 2448 lessi
931 2387 1127 2467 proferuntur

105 2481 145 2540 ad
169 2480 293 2558 primos,
315 2479 357 2537 ita
380 2480 473 2538 ceteri
496 2480 653 2556 stipatione
677 2477 805 2538 naturali
826 2476 999 2556 propellunt
1022 2493 1081 2535 eos.

177 2565 378 2626 Candidorum
401 2565 528 2626 alterum
550 2565 674 2645 vectigal
697 2569 728 2625 in
751 2565 860 2645 pluma.
888 2564 1039 2626 velluntur
1062 2565 1127 2642 qui·

104 2655 236 2716 busdam
258 2655 331 2714 locis
354 2651 400 2712 his
424 2672 510 2714 anno.
537 2673 644 2716 rursus
667 2654 826 2734 plumigeri
848 2655 1026 2714 vestiuntur.
1055 2651 1127 2711 mol·
1155 2706 1159 2716 ,

104 2743 165 2804 lior
195 2761 270 2822 quae
301 2745 421 2821 corpori
447 2744 595 2824 proxima,
628 2751 657 2803 et
684 2761 700 2803 e
729 2742 885 2802 Germania
918 2741 1128 2802 laudatissima.

65 2843 92 2882 30
107 2832 228 2892 candidi
257 2829 315 2911 ibi,
347 2849 451 2891 verum
481 2833 612 2891 minores
619 2880 629 2912 ,
660 2839 764 2910 gantae
794 2838 948 2892 vocantur.
997 2831 1128 2908 pretium
1147 2831 1182 2880 54

106 2911 227 2999 plumae
252 2937 356 2979 eorum
384 2921 416 2979 in
442 2918 533 2978 libras
564 2920 677 2980 denarii
707 2921 800 2999 quini.
845 2926 876 2978 et
904 2918 973 2978 inde
1004 2919 1129 2977 crimina

108 3008 289 3087 plerumque
313 3007 490 3068 annnorum
512 3009 672 3086 praelectis
695 3027 712 3068 a
735 3007 816 3086 vigili
840 3008 966 3067 statione
991 3005 1027 3066 ad
1055 3005 1128 3064 haec

110 3156 325 3165 ᾓ-,ο--κ--η

182 3239 197 3286 6
213 3233 256 3284 est
267 3229 406 3285 B²r⁹s²u
430 3246 480 3285 oro.
494 3247 518 3284 r.
587 3237 602 3284 9
617 3230 693 3286 fama
707 3231 810 3285 amoris
824 3230 921 3285 reto.
945 3247 1000 3285 ·me
1015 3246 1074 3283 mo·
1089 3227 1128 3299 tul

109 3301 192 3372 Aegii
210 3302 302 3356 Hand.
335 3301 410 3372 orgis
428 3319 452 3356 r.
485 3302 535 3368 cfr.
549 3302 663 3356 Aeliani
681 3303 713 3356 de
731 3319 759 3357 o.
778 3319 824 3356 ou.
845 3305 872 3353 V
882 3307 929 3357 29.
964 3306 968 3366 Ι
1002 3303 1132 3354 lammam

110 3387 158 3440 eqo
171 3374 311 3438 indicam,-
324 3374 426 3428 excedit
439 3389 537 3427 nomeu
546 3372 743 3442 Amphilochi:
761 3373 811 3439 cfr.
822 3372 880 3426 Ael.
896 3374 914 3426 l.
923 3373 942 3426 l.
962 3371 1020 3425 Url.
1036 3371 1130 3423 etue.

108 3457 137 3508 p.
147 3449 211 3499 150.
271 3450 305 3498 20
320 3444 399 3498 Seius
416 3444 494 3508 Ptol.
522 3444 625 3507 seseius
639 3444 667 3497 ll.
727 3449 761 3496 22
775 3443 885 3512 palmes
899 3441 997 3496 r²s²u
1017 3439 1129 3510 -maml

113 3513 219 3570 torrere
236 3514 374 3570 B²r²a²u
408 3513 520 3570 sorbere
538 3532 562 3570 r.
652 3521 686 3568 31
704 3514 803 3585 pluras
822 3514 865 3566 1¹.
896 3530 939 3566 -ra,
956 3516 1010 3564 nd.
1096 3513 1130 3562 32

114 3585 282 3640 auxiliorum
299 3586 405 3641 armat.
435 3585 516 3640 -lium
534 3602 557 3639 r.
584 3585 708 3639 -liorium
729 3585 787 3639 edd.
807 3589 872 3638 ante
889 3583 955 3636 Dal.
