2636 3952
187 109 250 173 172
546 106 574 160 c.
593 106 694 160 emm
713 81 870 160 suonam
950 141 952 146 a

185 238 310 342 aucupia
325 258 455 317 dimissis
470 253 642 315 cohortibus
661 256 745 334 totis3
768 271 864 333 eoque
883 252 1004 313 deliciae
1023 269 1201 330 processere

184 353 218 406 ut
242 347 305 404 sine
328 344 385 405 hoc
409 347 609 405 instrumento
633 343 741 403 durare
769 345 888 403 iam-ne
916 344 1050 401 virorum
1078 341 1201 419 quidem
1299 351 1300 432 l

106 451 108 455 ·
186 435 318 493 cervices
340 437 466 513 possint.
1090 449 1093 458 ·
1299 437 1300 448 ¹

132 529 165 576 55
252 515 326 602 (28)
351 522 437 582 Aliud
460 523 594 600 repperit
618 520 719 599 Syriae
742 539 811 600 pars
831 538 906 598 quae
930 518 1127 597 Commagene
1150 536 1202 576 vo-

186 618 283 690 catur,
314 609 430 688 adipem
459 627 564 669 eorum
593 611 624 668 in
653 627 722 670 vase
753 627 840 668 aereo
870 626 939 668 curn
968 610 1104 668 cinnamo
1135 608 1235 666 nives

185 698 278 759 multa
301 698 443 759 obrutum
466 715 500 758 ac
523 699 622 776 rigore
641 697 737 776 gelido
756 705 937 757 maceratum
955 697 992 756 ad
1010 715 1099 756 usum
1117 713 1205 774 prae-

186 787 258 846 clari
280 788 484 848 medicaminis
508 787 587 864 quod
610 785 646 846 ab
669 794 757 864 gente
781 786 890 846 dicitur
913 784 1154 863 Commagenum.

109 866 166 930 ’56
253 869 327 958 (29)
369 875 507 935 Anserini
537 876 655 954 generis
686 883 756 935 suut
785 874 998 954 chenalopeces
1022 880 1065 953 et,
1093 872 1204 952 quibus

186 964 327 1026 lautiores
346 965 449 1044 epulas
463 981 523 1024 non
537 965 619 1023 novit
632 961 794 1044 Britannia,
813 963 999 1043 chenerotes,
1013 963 1076 1022 fere
1095 979 1203 1022 ansere

185 1055 325 1113 minores.
371 1053 457 1113 decet
484 1060 634 1130 tetraonas
657 1071 730 1113 suras
753 1055 834 1112 nitor
856 1051 1050 1130 absolutaque
1073 1052 1204 1130 nigritia,
1218 1069 1248 1108 ro

185 1144 217 1200 in
237 1141 404 1220 superciliis
424 1143 506 1201 cocci
524 1139 626 1201 rubor.
654 1141 779 1201 alterum
803 1159 908 1201 eorum
931 1158 1026 1219 genus
1048 1139 1205 1200 vulturum

186 1231 420 1309 magnitudinem
450 1229 579 1310 excedit,
611 1247 738 1307 quorum
768 1238 799 1290 et
828 1229 960 1289 colorem
988 1228 1095 1288 reddit.
1145 1246 1204 1290 nec

186 1319 254 1379 ulla¹
277 1319 337 1379 ales
371 1326 495 1397 excepto
528 1317 761 1378 struthocamelo
784 1321 889 1382 ,maius
921 1336 1048 1396 corpore
1084 1316 1204 1396 inplens

186 1408 317 1488 pondus,
349 1409 380 1467 in
410 1415 527 1467 tantum
557 1407 642 1466 a‘ncta
671 1413 706 1468 ut
735 1409 767 1467 in
796 1415 877 1466 terra
905 1425 1024 1486 quoque
1052 1405 1205 1466 inmobilis

186 1496 397 1574 prehendatur.
443 1497 569 1574 gignunt
596 1513 648 1554 eos
671 1494 760 1573 Alpes
788 1503 818 1555 et
846 1495 1087 1574 septentrionalis
1109 1497 1203 1572 regio.
1218 1512 1246 1552 15

133 1589 166 1638 57
187 1587 218 1643 in
237 1585 353 1643 aviariis
373 1601 509 1662 saporem
527 1583 666 1661 perdunt.
694 1586 863 1644 moriuntur
887 1586 1072 1644 contumacia
1094 1585 1203 1662 spiritu

188 1679 334 1732 revocato.
361 1674 535 1751 proximae
563 1671 610 1732 his
638 1681 709 1732 sunt
737 1691 810 1752 quas
837 1672 979 1752 Hispania
1007 1691 1075 1732 aves
1102 1672 1204 1732 tardas

187 1759 327 1841 appellat,
351 1759 474 1820 Graecia
496 1755 797 1836 bribnc,.damnatas
820 1763 852 1821 in
876 1761 958 1822 cibis.
992 1763 1100 1832 emissa
1113 1762 1203 1822 'onim

187 1847 305 1909 ossibus
328 1849 456 1910 medulla
479 1849 579 1908 odoris
603 1841 734 1910 taedium
757 1849 904 1928 extemplo
928 1853 1073 1928 sequitur.

134 1942 168 1991 58
256 1932 315 1998 23.
331 1931 405 2020 (30)
428 1937 565 1998 lnducias
579 1937 670 1998 hebet
683 1957 757 2017 gens
769 1938 915 2018 Pygmaea
930 1938 1071 1998 abscessu
1085 1957 1203 2019 gruum,
1216 1955 1242 1995 ao

134 2019 229 2086 ⁷22⁶ut
252 2026 393 2108 diximus,
421 2045 490 2088 cum
516 2029 554 2087 iis
577 2027 790 2088 dimicantium.
835 2029 989 2088 inmensus
1017 2035 1064 2088 est
1090 2035 1203 2088 tractus

188 2133 247 2194 quo
270 2117 403 2196 veniunt,
426 2118 452 2175 si
475 2118 542 2195 quis
565 2124 694 2197 reputet,
718 2135 734 2176 a
757 2118 832 2176 mari
854 2115 927 2176 Eoo.
973 2115 1090 2194 maudo
1113 2115 1201 2194 proli·

187 2206 339 2264 ciscantur
357 2207 558 2284 consentiunt,
576 2204 676 2264 volant
693 2205 729 2265 ad
747 2201 991 2283 prospiciendum
1010 2204 1077 2284 alte,
1095 2203 1202 2264 ducem

188 2311 278 2370 quem
296 2302 460 2370 sequantur
480 2291 601 2373 eligunt,
624 2294 656 2352 in
679 2300 812 2354 extremo
832 2295 947 2372 agmine
970 2295 1128 2372 pervices
1152 2293 1202 2371 qui

188 2380 353 2441 adclament
367 2382 527 2460 dispositos
545 2378 656 2441 bahent
674 2389 704 2442 et
723 2383 774 2460 qui
792 2400 914 2460 gregem
932 2400 1004 2442 voce
1023 2384 1201 2442 contineant
1215 2397 1243 2438 aa

134 2479 168 2527 oe
188 2468 329 2528 excubias
346 2468 457 2528 habent
474 2471 630 2530 nocturnis
653 2469 838 2549 temporib-us
861 2470 993 2550 lapillum
1015 2470 1091 2549 pede
1115 2471 1201 2530 susti-

188 2564 308 2637 nentes,
335 2559 387 2635 qui
414 2557 527 2617 laxatus
556 2577 660 2635 ¹somno
689 2566 719 2618 et
746 2559 887 2619 decidens
914 2559 1129 2637 indiligentiam
1156 2577 1200 2618 co·

188 2653 301 2723 arguat
347 2653 465 2706 ceterae
489 2647 641 2708 dormiunt
664 2650 760 2730 capite
784 2647 888 2708 subter
915 2647 990 2708 alam
1017 2648 1137 2707 condito
1164 2646 1201 2706 al-

188 2735 283 2794 ternis
305 2733 432 2813 pedibus
458 2737 641 2796 insistentes.
687 2736 745 2796 duc
773 2743 874 2798 erecto
902 2736 1039 2816 providet
1066 2735 1142 2799 collo
1169 2753 1201 2795 ac

260 2941 404 3012 Spossint
420 2957 445 2994 o.
473 2945 536 2995 -unt
554 2943 581 2996 ll:
646 2941 805 3011 agelidum
819 2948 869 2996 ra.
938 2941 1095 2995 Senserini
1114 2941 1201 2994 auat.

188 3012 238 3065 -ris
256 3029 279 3066 r.
312 3029 385 3066 -rum
407 3013 466 3067 edd.
486 3018 551 3066 arcte
567 3013 635 3067 Dal.
669 3014 673 3080 Ι
707 3029 811 3082 genera
829 3012 866 3066 αἳ.
957 3012 1201 3067 bohenerotead

188 3099 300 3138 cereno·
317 3100 341 3138 r.
362 3085 366 3151 Ι
387 3099 454 3137 uero
472 3082 515 3137 12².
538 3084 542 3151 Ι
566 3099 677 3138 anseres
696 3084 737 3137 12².
833 3090 867 3138 10
881 3085 1023 3138 tetraonas
1043 3083 1202 3137 Potitiorum

187 3155 261 3208 misc.
281 3159 317 3209 57
336 3171 349 3208 e
367 3153 442 3208 Soet
462 3154 521 3208 Gal.
540 3159 590 3210 22.
627 3157 657 3208 et
674 3155 807 3209 trahonas
830 3159 883 3208 Ita.
917 3171 965 3208 -na
986 3160 1016 3206 r.
1049 3153 1158 3208 -aionas
1176 3157 1198 3206 d.

190 3223 253 3295 lius
267 3243 292 3278 a.
320 3242 422 3279 snusr.
439 3226 443 3292 Ι
460 3225 674 3293 absolutamque
692 3230 763 3278 Μ
780 3225 953 3296 {nigritiae
981 3225 1050 3279 -iam
1064 3226 1091 3278 ll.
1169 3229 1201 3278 tc

189 3295 303 3352 notariis
322 3295 359 3349 al.
390 3296 530 3349 uina-1¹².
561 3296 622 3350 uia·
640 3313 663 3350 r.
746 3303 778 3350 17
797 3297 922 3351 relocato
941 3298 1010 3351 coni.
1029 3295 1202 3350 Schaedeliee

188 3367 281 3420 diana.
301 3383 393 3436 gyara:
419 3367 512 3421 Berot.
526 3372 603 3422 1868
615 3384 647 3435 p.
658 3372 720 3422 333.
741 3373 771 3420 at
783 3385 808 3420 e.
822 3368 843 3438 §
857 3373 905 3422 82.
991 3373 1025 3421 25
1044 3366 1203 3420 adclament

188 3436 215 3489 dl
252 3437 339 3491 ositos
358 3437 395 3492 ε’,
435 3439 525 3492 -entea
547 3454 611 3507 pos·
631 3439 668 3491 2¹.
710 3438 795 3492 -entia
818 3456 882 3508 pos·
900 3444 930 3491 Ε.
968 3437 1053 3492 -antis
1076 3436 1200 3507 pos-12².

188 3507 224 3559 ad
245 3511 336 3562 effiras
354 3525 418 3577 pos·
436 3509 479 3562 13¹.
508 3509 546 3562 ad
564 3508 701 3562 dementis
719 3526 782 3578 pos·
802 3510 839 3563 11².
868 3509 1006 3564 admentm
1024 3525 1087 3579 pos·
1106 3509 1144 3562 d¹.

188 3581 222 3630 26
241 3577 437 3632 habentr²a⁵t
466 3581 544 3632 -eant
562 3584 586 3632 d.
615 3580 712 3634 -ebant
728 3598 751 3634 r.
825 3587 859 3636 27
878 3581 988 3635 laxabas
1006 3580 1050 3634 12².
1074 3581 1160 3634 lassa·
1178 3595 1200 3632 r.
