2588 3956
335 145 422 200 nor.
441 145 533 199 urso.
552 145 619 200 vru
639 151 671 200 ro
692 103 827 215 (19-21)¹
1042 146 1084 210 69
1151 120 1155 130 ’

61 300 109 356 ris
135 303 253 356 constat
274 297 306 354 in
331 294 440 374 oculiS,
471 311 529 373 quo
552 296 651 368 minus
679 296 789 356 mirum
813 298 852 356 sit
874 314 890 355 a
914 291 1087 374 Lysimacho

62 385 228 445 Alexandri
250 387 335 444 iussu
360 383 448 443 simul
470 383 586 444 incluso
611 385 826 462 strangulatum
849 385 975 444 leonem.
1017 387 1087 464 iugo
1107 391 1140 441 55

65 473 204 534 subdidit
230 491 280 532 eos
304 475 480 552 primusque
504 471 614 533 Romae
642 472 679 540 ad
703 491 825 534 currum
838 475 947 533 ·iunxit
970 472 1007 533 M.
1031 473 1088 533 An-

63 565 186 644 tonius,
217 569 246 622 et
274 561 396 640 quidem
427 561 504 620 civili
531 560 624 642 bello,
656 580 724 621 cum
752 562 923 622 dimicatum
951 569 1030 622 esset
1058 565 1089 622 in

40 651 229 710 spbarsahis
260 652 386 729 campis,
420 667 480 708 non
511 651 575 709 sine
605 656 723 710 ostento
754 651 881 728 quodam
912 658 1089 732 temporum,

65 758 232 816 generosos
256 736 381 818 spiritus
404 741 506 816 iugum
535 738 636 798 subire
659 737 708 798 illo
732 740 868 818 prodigio
896 741 1088 818 significante.

64 846 135 888 nam
171 828 250 906 quod
283 829 324 887 ita
356 833 459 886 vectus
491 834 538 886 est
570 845 638 886 cum
671 829 759 887 mima
790 827 960 909 Cytheride,
998 847 1089 908 super

66 925 202 977 monstra
231 917 320 976 etiam
348 915 464 975 illarum
493 915 702 976 calamitatium
730 916 794 976 suit.
846 918 961 995 primus
990 917 1088 976 autem

65 1004 224 1066 hominnm
238 1005 356 1064 leonem
374 1022 463 1064 manu
479 1011 606 1064 tractare
626 1021 717 1065 ausus
736 1013 766 1064 et
780 1005 937 1064 ostendere
952 1023 1087 1064 mansue·
1111 1060 1114 1064 .

32 1109 54 1146 ιο
67 1094 181 1154 taetram
204 1093 310 1152 Hanno
339 1111 354 1152 e
379 1093 550 1152 clarissimis
573 1092 743 1152 Poenorum
769 1093 896 1154 traditur
920 1093 1087 1153 damnatus·

67 1201 123 1259 que
154 1182 220 1268 illo,
234 1187 424 1262 argumento,
457 1183 596 1258 quoniam
625 1181 699 1241 nihil
728 1199 788 1242 non
815 1200 1015 1260 persuasurus
1043 1185 1088 1240 vir
1174 1250 1182 1269 ς

68 1279 127 1330 tarn
156 1271 281 1331 artificis
309 1271 421 1348 ingenii
443 1269 611 1351 videbatur,
641 1278 671 1330 et
698 1270 773 1330 male
803 1270 885 1330 credi
911 1270 1032 1330 libertas
1042 1291 1047 1300 ¹·
1061 1273 1088 1330 ei

68 1362 116 1418 cui
142 1361 177 1418 in
201 1366 319 1418 tantum
348 1360 488 1418 cessisset
515 1361 604 1418 etiam
628 1359 739 1418 feritas.
785 1367 856 1419 sunt
877 1377 948 1418 vero
977 1366 1006 1419 et
1029 1360 1087 1418 for·
1107 1363 1141 1414 36

69 1451 161 1508 tuitae
186 1467 292 1507 eorum
316 1465 434 1525 quoque
459 1445 633 1506 clementiae
657 1448 805 1526 exempla:
828 1448 944 1508 Mentor
963 1447 1088 1526 Syracu-

35 1548 56 1586 1⁵
70 1554 160 1597 sanus
183 1539 215 1596 in
241 1535 327 1614 Syria
349 1535 434 1614 leone
459 1533 544 1595 obvio
573 1537 748 1614 suppliciter
771 1536 921 1596 volutante
946 1539 1088 1597 attonitus

6 1675 8 1710 ἑ
70 1643 191 1706 pavore,
224 1643 294 1684 oum
324 1623 484 1702 refugienti
514 1625 646 1703 undique
677 1626 739 1685 sera
769 1633 932 1704 opponeret
963 1645 1028 1685 sese
1059 1634 1090 1685 et

70 1716 192 1792 vestigia
222 1712 368 1772 lamberet
399 1711 529 1772 adulanti
560 1713 676 1794 similis,
715 1713 920 1774 animadvertit
952 1717 982 1774 in
1012 1714 1088 1793 pede

72 1803 134 1861 eius
156 1809 309 1862 tumorem
331 1799 521 1879 urlnusque.-
553 1807 685 1862 extracto
714 1802 834 1862 surculo
858 1802 994 1864 liberavit
1022 1822 1088 1862 cru-

73 1892 156 1951 ciatu.
190 1893 310 1969 pictura
329 1897 432 1948 casum'
448 1889 529 1950 bunc
547 1897 675 1950 testatur·
695 1891 857 1969 Syracusis
891 1891 978 1951 simili
1001 1891 1088 1952 modo
1108 1897 1143 1946 57

39 1989 61 2028 2⁰
73 1976 150 2057 Elpis
176 1979 295 2039 Samius
319 1979 437 2037 natione
465 1980 497 2038 in
520 1977 649 2039 Africam
673 1978 788 2039 delatus
817 1998 889 2039 nave
914 1983 995 2040 iuxta
1018 1981 1088 2042 litus

75 2075 233 2147 conspecto
260 2066 346 2126 leone
374 2065 456 2127 hiatu
484 2069 593 2127 minaci
621 2066 757 2128 arborem
785 2068 853 2146 luga
880 2071 955 2147 petit
980 2067 1089 2128 Libero

73 2165 152 2232 patre
186 2159 338 2236 invocato,
372 2157 511 2233 quoniam
539 2163 603 2215 tum
630 2158 809 2235 praecipuus
841 2163 978 2217 votorum
1004 2156 1090 2216 locus

75 2253 128 2324 est,
147 2263 217 2306 cum
237 2247 301 2324 spei
319 2243 419 2304 nullus
438 2252 492 2304 est.
521 2262 618 2323 neque
637 2246 827 2326 profugienti,
846 2264 914 2304 cum
933 2246 1090 2326 potuisset,

76 2331 133 2392 iera
155 2336 321 2414 institerat,
344 2340 374 2393 et
396 2332 597 2411 procumbens
621 2334 656 2392 ad
681 2333 817 2394 arborem
841 2332 922 2393 hiatu
946 2352 1005 2412 quo
1029 2341 1088 2393 ter-

45 2431 65 2470 25
76 2432 172 2484 ruerat
195 2423 418 2482 miserationem
442 2421 611 2500 quaerebat.
654 2441 688 2482 os
710 2441 813 2482 morsu
837 2422 965 2483 avidiore
989 2421 1089 2482 inhae-

77 2521 150 2572 serat
173 2509 313 2572 dentlbus
338 2509 548 2589 cruciabatque
572 2510 669 2571 inedia
693 2529 760 2571 eum
782 2529 939 2590 —poena
962 2513 992 2570 in
1015 2513 1089 2590 ipsis

79 2599 136 2660 eius
149 2600 218 2662 telis
233 2633 275 2642 -
290 2606 511 2678 suspectantem
529 2617 563 2658 ae
582 2599 662 2659 velut
682 2601 773 2661 mutis
786 2599 927 2679 precibus
946 2607 1088 2660 orantem.

79 2685 124 2747 diu
150 2690 283 2750 fortuitis
307 2687 401 2748 fidens
429 2707 488 2747 non
516 2695 563 2748 est
586 2695 690 2748 contra
713 2689 819 2768 ieram,
847 2688 1001 2767 multoque
1025 2688 1088 2748 diu-

79 2777 131 2836 tius
152 2776 297 2838 miraculo
317 2795 405 2855 quam
428 2784 510 2836 metu
535 2783 683 2837 cessatum
707 2783 761 2837 est.
791 2778 951 2856 degressus
970 2777 1088 2836 tandem
1107 2783 1143 2832 58

49 2864 168 2927 oevehn
185 2865 342 2946 praebenti
365 2873 395 2925 et
413 2883 472 2944 qua
495 2865 621 2926 maxime
644 2884 720 2943 opus
744 2872 823 2926 esset
846 2866 1088 2925 accommodanti.

82 3018 284 3032 Ἢ

143 3126 285 3179 11³1th
313 3125 387 3179 fiir.
459 3127 695 3194 stemporuma
725 3140 808 3178 ·.rer
873 3123 1086 3179 dub1se1td¹

85 3193 203 3250 subirer.
279 3197 361 3249 13111
379 3194 471 3250 a¹d¹v
496 3211 546 3250 oin.
565 3213 587 3250 r
611 3197 832 3264 lsuntuerod.
856 3196 990 3249 uniuero
1010 3195 1090 3249 Νη

84 3277 129 3320 ros.
145 3266 185 3322 1³¹
212 3283 312 3322 ·r.rso
386 3272 476 3321 13.14
497 3265 630 3320 fortuitae
653 3283 707 3336 epo.
737 3269 779 3319 -ta
801 3265 932 3319 r¹a¹d¹o
961 3281 1088 3320 -unaec

144 3345 176 3392 14
199 3340 311 3392 mentor
333 3337 404 3390 a¹d¹.
433 3340 476 3391 tu
491 3338 538 3392 131
567 3339 680 3392 tumr.
753 3343 785 3390 21
810 3339 841 3390 in
862 3336 931 3407 fuga
950 3342 980 3390 lt.
1054 3341 1088 3390 22

86 3404 134 3460 tum
149 3409 214 3462 Ν.
241 3425 292 3463 om.
312 3425 334 3462 r.
420 3415 454 3463 23
479 3424 615 3478 eumepo
644 3409 695 3474 cfr.
716 3423 776 3462 noo.
796 3409 848 3461 too
864 3412 1000 3463 73aa30.
1028 3409 1090 3460 tum

86 3475 432 3535 impraescientiam
450 3479 494 3532 3¹.
519 3481 640 3534 ntumr.
668 3480 750 3533 verbo
768 3479 831 3532 dist.
851 3495 906 3548 ego
987 3481 1021 3530 28
1042 3477 1090 3530 diu

88 3561 131 3612 epo
154 3551 221 3604 dum
240 3551 299 3604 timo
325 3550 329 3617 l
358 3548 481 3604 fortuitis
500 3552 570 3605 coni.
589 3549 650 3606 sut.
677 3551 734 3602 -tus
752 3549 849 3602 n1¹¹1t
877 3551 980 3602 hirc.
1054 3553 1089 3601 30

87 3632 169 3682 quae.
197 3637 255 3690 qua
272 3638 331 3674 uno
349 3617 412 3671 1⁴¹
401 3638 432 3676 to
449 3637 504 3676 ras.
532 3637 617 3690 quam
635 3637 678 3674 ro.
