2612 3962
339 227 343 234 ,
407 157 780 230 saumsirmio)
1036 161 1102 227 359

78 311 246 391 Liternino,
264 311 418 390 maiorque
437 310 527 370 etiam
544 310 645 370 favore
657 308 826 392 bominum,
845 312 986 389 quoniam
1003 313 1102 391 ipsum

78 401 214 461 dincani
237 398 353 459 colebat
375 397 521 459 exsilium.
567 397 619 458 sed
642 400 782 480 maxima,
809 399 944 461 eiusdem
968 399 1102 462 Stheneli

80 506 186 570 opera,
214 486 350 549 Remmio
372 485 555 566 Palaemoni,
583 486 653 548 alias
676 489 867 566 grammatica
895 495 958 550 arte
982 486 1102 571 celebri,

79 580 112 638 in
131 577 216 638 bisce
232 577 338 656 viginti
360 577 445 636 annis
469 582 599 636 mercato
622 594 676 636 rus
693 574 741 641 sid
764 579 974 642 nummumin
997 577 1102 640 eodem

50 661 269 728 sNomentano
293 664 402 726 decimi
423 663 529 745 lapidis
552 663 589 725 ab
607 664 682 726 urbe
702 664 894 726 deverticulo.
931 673 977 727 est
1001 674 1101 729 autem
1120 676 1156 725 50

5 765 7 786 ⁸
80 771 299 835 usquequaque
318 751 389 815 nota
406 752 503 814 vilitas
525 754 635 816 mercis
658 771 713 833 per
736 757 835 815 omnia
857 754 1037 836 suburbana,
1060 756 1102 817 ibi

79 853 183 906 tamen
210 841 366 925 maxima,
383 845 524 922 quoniam
551 849 581 903 et
608 842 744 921 neglecta
770 842 954 923 indiligentia
981 844 1104 924 praedia

79 940 240 1014 paraverat
257 950 291 993 ac
309 950 348 993 ne
367 933 399 992 in
417 933 555 1011 pessimis
573 929 695 1011 quidem
715 932 904 1011 elegantioris
928 932 992 994 soli.
1028 932 1101 994 haec

80 1022 244 1102 adgressus
268 1020 404 1082 excolere
427 1017 491 1080 non
511 1021 621 1082 virtute
645 1021 745 1102 animi,
769 1021 822 1082 sed
844 1023 972 1082 vanitate
995 1024 1103 1103 primo,

38 1125 67 1164 1⁰
81 1129 160 1190 quae
185 1118 256 1172 nota
277 1111 352 1171 mim
375 1110 407 1170 in
434 1108 485 1170 illo
513 1109 583 1190 luit,
612 1111 768 1189 pastinatis
796 1109 832 1171 de
860 1112 978 1190 integro
1007 1112 1102 1171 vineis

81 1217 157 1262 cura
186 1198 332 1280 Stheneli,
360 1198 431 1260 dum
459 1198 618 1278 agricolam
645 1199 793 1280 imitatur,
821 1199 857 1260 ad
885 1201 933 1260 vix
960 1199 1102 1260 credibile

80 1287 261 1350 miraculum
278 1287 433 1368 perduxit,
456 1289 535 1348 intra
554 1295 692 1348 octauum
710 1304 821 1349 annum
839 1285 929 1355 δαῖθ’
947 1306 1102 1349 nummum

80 1379 213 1456 emptori
236 1376 351 1437 addicta
368 1376 518 1456 pendente
536 1375 692 1437 vindemia.
724 1378 917 1456 cucurritque
936 1395 997 1438 non
1014 1395 1102 1438 nemo
1122 1385 1155 1435 51

81 1467 119 1528 ad
135 1460 450 1546 spectandas'uvarum
464 1467 495 1526 in
513 1466 551 1526 iis
569 1465 664 1526 vineis
683 1473 792 1548 strues,
810 1465 918 1527 litteris
936 1468 1002 1527 eius
1020 1465 1103 1527 altio·

38 1569 66 1609 1⁵
80 1555 169 1616 ribus
188 1560 292 1615 contra
310 1554 341 1615 id
358 1557 443 1634 pigra
460 1555 611 1615 vicinitate
631 1552 689 1614 sibi
705 1556 924 1637 patrocinante,
943 1557 1103 1616 novissime

83 1645 206 1705 Annaeo
226 1639 348 1723 seneca,
370 1644 506 1723 principe
525 1650 591 1704 tum
608 1643 796 1704 eruditorum
815 1662 849 1706 ac
866 1646 1008 1725 potentia,
1027 1662 1103 1723 quae

81 1740 237 1814 postremo
255 1735 346 1793 nimia
364 1734 426 1793 ruit
448 1750 540 1812 super
557 1733 666 1814 ipsum,
689 1733 811 1794 minime
835 1735 939 1812 utique
962 1735 1103 1794 miratore

81 1823 227 1903 inanium,
249 1828 331 1882 tanto
350 1820 465 1901 praedii
482 1821 573 1883 buius
597 1837 697 1882 amore
722 1829 817 1903 capto,
840 1830 875 1883 ut
897 1839 958 1882 non
976 1822 1104 1902 puderet
1196 1851 1201 1863 ·

80 1913 180 1972 inviso
203 1909 275 1971 alias
298 1919 329 1972 et
351 1917 538 1972 ostentaturo
553 1909 680 1972 tradere
703 1909 831 1989 pabnam
860 1909 968 1992 [eam],
996 1912 1103 1990 emptis

39 2015 68 2055 eo
82 1999 312 2080 quadruplicato
331 2000 426 2060 vineis
445 1998 502 2060 illis
521 2001 600 2060 intra
618 1997 768 2060 decimum
787 1999 850 2059 iere
870 2016 959 2059 curae
984 2016 1103 2059 annum.

80 2091 174 2168 digna
196 2106 287 2168 opera
310 2105 386 2166 quae
409 2089 440 2149 in
464 2086 620 2148 Caecubis
633 2086 804 2166 Setinisque
828 2089 907 2167 agris
934 2087 1103 2167 proliceret,
1122 2095 1158 2146 52

81 2176 204 2258 quando
233 2185 263 2238 et
291 2185 396 2258 postea
425 2194 641 2257 saepenumero
671 2183 812 2255 septenos
845 2174 956 2236 culleos
988 2174 1104 2255 singrda

80 2271 205 2349 iugera,
239 2266 298 2327 boc
329 2272 375 2326 est
404 2266 560 2346 amphoras
590 2272 732 2326 centenas
761 2263 980 2345 quadragenas,
1012 2267 1105 2325 mirati

81 2355 204 2418 dedere.
242 2373 276 2416 ac
295 2373 333 2416 ne
352 2356 420 2434 quis
438 2357 547 2416 victam
564 2356 596 2415 in
617 2353 676 2415 boc
700 2355 908 2432 antiquitatem
931 2351 1104 2434 arbitretur,

41 2459 67 2500 aa
81 2446 165 2507 idem
198 2442 282 2506 Cato
315 2444 408 2504 denos
439 2443 551 2505 culleos
583 2444 681 2505 redire
720 2461 756 2502 ex
787 2441 942 2521 iugeribus
975 2444 1104 2523 scripsit,

81 2532 257 2596 efficacibus
290 2529 433 2613 exemplis
465 2550 525 2594 uon
559 2533 663 2593 maria
685 2531 754 2613 plus
790 2538 934 2593 temerata
966 2531 1103 2592 conferre

80 2624 254 2704 mercatori,
277 2639 338 2682 non
359 2624 392 2682 in
415 2621 552 2683 Rubrum
573 2618 645 2682 litus
663 2620 833 2683 indicumve
857 2637 973 2682 merces
996 2623 1106 2700 petitas

82 2730 175 2792 quam
198 2709 336 2772 sedulum
358 2713 439 2772 ruris
462 2710 563 2771 larem.

157 2943 174 2991 3
194 2951 281 3006 opera
298 2939 400 2989 Iliad.
427 2951 465 3006 pa
482 2954 507 2990 a.
533 2936 537 3004 Ι
562 2934 679 2990 remmio
697 2932 859 3005 palaemoni
876 2936 948 2988 nod
980 2932 1032 2988 ·mi
1049 2935 1105 2989 ·nis

82 3014 120 3063 Ι.
154 3006 470 3075 ·mii1(-mi1a¹)·nem
488 3003 747 3062 eenamcenam.
836 3006 1050 3060 tmercaturus
1068 3011 1105 3064 Ι.

83 3077 178 3136 -toriis
192 3081 217 3132 d.
245 3079 351 3134 torum
369 3095 394 3132 a.
422 3079 495 3132 tum
513 3075 739 3134 scaccarium.
812 3074 1011 3132 enotabilitas
1029 3076 1106 3133 1²1).

82 3152 148 3206 nut-
166 3149 216 3203 1².
242 3147 378 3204 nobilitas
397 3149 557 3205 decidente
565 3147 653 3204 Rhea.
749 3154 764 3202 7
788 3147 910 3202 maxime
927 3147 1033 3206 mett

85 3227 101 3277 8
117 3219 276 3291 elegantior
288 3223 324 3274 Ι.
397 3225 431 3274 10
445 3219 595 3291 pastinatis
608 3218 792 3275 trauadai.
816 3217 883 3274 fasc
897 3235 920 3274 r.
948 3217 1106 3290 pertinebas

84 3290 288 3349 adamnan.
389 3297 422 3346 ta
440 3308 498 3347 non
514 3307 598 3346 nemo
616 3294 695 3346 lio.
722 3306 780 3345 non
796 3305 879 3345 neme
896 3305 920 3344 r.
947 3305 1031 3346 nemo
1049 3309 1107 3347 non

84 3363 251 3419 Grmwoiuc.
332 3368 366 3418 16
384 3361 511 3434 principe
528 3364 591 3417 tum
609 3361 783 3418 eruditorum
801 3359 908 3432 (tionis
922 3361 981 3416 edd.
992 3360 1061 3428 Get.)
1079 3369 1107 3416 it

84 3435 160 3491 Deti.
187 3432 378 3505 principatum
397 3437 451 3502 (·tu
468 3435 538 3504 edd.)
556 3433 717 3488 traditionis
736 3432 815 3501 (-cio·
834 3433 861 3501 a)
879 3431 1039 3488 redamate
1048 3432 1106 3490 aaa.

86 3505 259 3579 lpotentiae
276 3504 422 3562 ldHard.
509 3511 543 3561 1⁷
561 3504 620 3560 ruit
636 3507 672 3560 Ι.
699 3503 755 3558 fuit
772 3519 817 3558 ro.
904 3508 938 3557 to
956 3519 1042 3560 uncos
1059 3519 1107 3574 eqo

82 3578 176 3648 posui.
204 3576 241 3631 ad
258 3582 293 3634 it,
322 3592 385 3632 eam
403 3593 448 3632 ro.
475 3575 527 3644 cfr.
546 3575 604 3632 Uri.
617 3576 694 3631 eiad.
707 3591 736 3630 a.
751 3578 819 3632 232.
892 3579 927 3629 20
945 3574 1107 3646 quadrupli-

85 3647 178 3706 cando
196 3653 232 3703 Ι.
257 3684 263 3696 .
305 3653 341 3704 24
359 3647 511 3704 arbitretur
527 3652 564 3702 Ι.
591 3648 712 3702 -raretnr
729 3663 774 3702 re.
