2608 3958
333 105 419 160 uss.
437 104 530 160 msa.
548 105 601 160 vn
619 110 725 163 ao-ao
744 107 871 180 (at-ac)
1066 107 1110 172 29

81 264 110 315 te
134 255 290 316 suadente
313 253 422 315 Roscio
445 253 597 315 theatralis
623 257 740 316 auctori
760 254 834 334 legis
857 257 1035 335 ignoverunt
1058 275 1109 317 no·

81 351 227 424 totasque
260 362 293 404 se
324 343 497 404 discrimine
530 343 608 404 sedis
641 361 736 422 aequo
769 346 866 404 animo
896 343 1044 426 tulerunt,
1080 353 1110 406 te

83 440 192 494 orante
218 435 460 513 proscriptorum
482 430 593 492 liberos
612 431 741 493 honores
763 441 867 513 petere
885 433 1002 514 puduit,
1024 441 1110 494 tuum

85 520 216 582 Catilina
235 523 314 600 fugit
330 523 492 602 ingenium,
515 527 548 582 tu
562 520 599 582 M.
614 521 775 584 Antonium
792 524 1005 602 proscripsisti.
1032 521 1110 583 salve

61 613 206 692 sprimus
235 612 370 672 omniurn
391 627 501 689 parens
523 611 636 690 patriae
664 610 822 691 appellate,
851 613 966 690 primus
989 613 1020 672 in
1043 620 1111 690 toga
1205 602 1206 610 '

86 700 279 780 triumphum
305 699 484 778 linguaeque
513 697 645 760 lauream
671 703 791 780 merite,
822 707 852 760 et
879 700 1032 761 facundiae
1056 699 1110 760 La·

88 789 261 868 uarumque
280 788 449 850 litterarum
461 805 571 866 parens
590 796 688 870 atque,
706 796 740 850 ut
754 787 880 851 dictator
895 788 1003 850 Caesar
1015 790 1111 849 hostis

89 878 242 956 quondam
264 886 336 939 tuus
359 876 395 936 de
414 885 444 936 te
468 879 597 959 scripsit,
620 878 754 938 omnium
773 877 993 958 triumphorum
1011 877 1112 938 laurea
1161 869 1164 875 ’

88 968 193 1028 maior.
239 973 352 1046 quanto
374 965 442 1044 plus
469 973 516 1026 est
538 967 650 1044 ingemi
672 964 797 1026 Romam
820 968 963 1026 terminos
992 969 1024 1026 in
1047 974 1110 1028 tan-

54 1062 154 1116 ntum
176 1057 364 1136 promovisse
389 1073 477 1133 quam
499 1056 626 1134 imperii.

157 1139 220 1206 31.
244 1143 380 1223 Reliquis
398 1144 489 1204 animi
506 1143 594 1203 bonis
611 1145 789 1222 praestitere
813 1151 930 1205 ceteros
948 1142 1101 1204 mortales:
1113 1154 1163 1204 118

91 1235 238 1312 sapientia
261 1232 300 1292 ob
323 1231 353 1292 id
377 1230 453 1312 Cati,
484 1230 603 1292 Corculi
627 1232 704 1311 apud
727 1231 875 1292 Romanos
904 1234 1112 1312 cognominati,

92 1321 168 1400 apud
199 1321 330 1382 Graecos
359 1320 497 1381 Socrates
525 1320 646 1382 oraculo
669 1321 812 1400 Apollinis
835 1320 934 1400 Pythii
960 1320 1111 1400 praelatus

92 1413 218 1473 cunctis.
258 1405 314 1472 32.
334 1401 408 1492 (32)
432 1427 539 1471 rursus
559 1409 700 1470 mortales
723 1409 911 1474 oraculorum
930 1411 1164 1471 societatem119

58 1499 203 1560 adedere
227 1497 345 1560 Chiloni
367 1496 600 1560 Lacedaemonio
623 1505 782 1579 praecepta
810 1501 874 1560 eius
897 1498 1019 1578 Delphis
1042 1517 1111 1558 con·

93 1588 238 1650 sacrando
258 1589 358 1651 aureis
376 1587 494 1669 litteris,
517 1605 593 1666 quae
612 1594 683 1648 sunt
695 1586 783 1648 haec:
805 1606 912 1648 nosse
936 1606 972 1648 se
991 1605 1111 1667 quem·

95 1696 173 1758 que,
207 1685 244 1738 et
271 1676 364 1737 nihil
391 1678 538 1738 nimium
566 1693 714 1756 cupere,
746 1679 986 1755 comitemque
1018 1679 1111 1736 aeris

95 1766 205 1828 alieni
228 1773 336 1845 atque
359 1765 438 1826 litis
461 1783 541 1826 esse
564 1767 755 1826 miseriam.
789 1768 862 1844 quin
880 1773 910 1826 et
929 1759 1019 1826 funus
1038 1767 1112 1845 eius,

97 1873 161 1915 cnm
184 1857 299 1915 victore
322 1853 383 1914 filio
398 1853 549 1933 Olympiae
572 1855 753 1932 exspirasset
775 1855 890 1936 gaudio,
914 1862 975 1915 tota
990 1853 1112 1916 Graecia

61 1950 253 2024 roproseenta
275 1951 331 2007 est.

161 2026 222 2094 33.
246 2024 321 2114 (33)
352 2030 495 2092 Divinitas
513 2039 543 2092 et
562 2031 706 2110 quaedam
726 2031 865 2092 caelitum
884 2034 1010 2092 societas
1029 2031 1111 2101 nobi·

96 2120 206 2182 lissima
230 2139 266 2181 ex
290 2120 408 2184 feminis
431 2122 462 2180 in
486 2119 595 2199 Sibylla
617 2121 689 2202 fuit,
722 2138 759 2180 ex
780 2122 852 2180 viris
875 2122 907 2180 in
929 2119 1112 2198 Melampode

97 2210 173 2289 apud
196 2209 341 2289 Graecos,
363 2209 442 2288 apud
465 2208 613 2270 Romanos
636 2210 667 2269 in
690 2209 810 2270 Marcio.

162 2293 223 2359 34.
243 2291 318 2380 (34)
346 2297 398 2358 Vir
421 2299 550 2376 optimus
572 2297 664 2360 semel
687 2317 704 2359 a
722 2297 842 2358 condito
865 2314 936 2358 aevo
955 2296 1103 2358 indicatus
1114 2305 1166 2356 120

64 2395 142 2448 uest
166 2386 267 2466 Scipio
290 2386 395 2447 Nasica
423 2405 440 2446 a
461 2389 559 2448 iurato
583 2394 703 2468 senatu,
733 2385 814 2448 idem
840 2389 872 2449 in
894 2393 963 2466 toga
990 2386 1113 2448 candida

98 2475 142 2537 bis
164 2475 285 2555 repulsa
308 2482 428 2537 notatus
450 2475 603 2556 apopulo.
635 2477 667 2536 in
689 2493 804 2536 summa
823 2477 851 2536 ei
873 2477 905 2536 in
923 2478 1018 2555 patria
1037 2477 1114 2537 mori

98 2583 157 2626 non
179 2563 273 2645 licuit,
296 2583 356 2624 non
379 2563 506 2624 Hercule
530 2566 623 2644 magis
647 2583 735 2643 quam
757 2572 841 2626 extra
864 2564 981 2626 vincula
1002 2565 1046 2625 illi
1068 2583 1112 2626 sa·

99 2655 283 2733 pientissimo
308 2652 343 2714 ab
367 2653 501 2732 Apolline
524 2655 653 2716 iudicato
678 2653 802 2714 Socrati.

111 2823 113 2828 Ι
164 2736 223 2804 33.
248 2734 323 2823 (35)
359 2741 685 2821 Pudicissimaiemina
708 2742 800 2803 semel
822 2750 1026 2804 matronarum
1046 2759 1112 2802 sen-

68 2846 91 2887 so
102 2833 190 2892 tentia
207 2830 338 2891 iudicata
357 2839 402 2891 est
417 2830 546 2910 Sulpicia
561 2831 710 2892 Paterculi
727 2831 795 2911 iilia,
819 2850 894 2892 uxor
908 2830 993 2892 Fulvi
1007 2830 1113 2910 Flacci,

104 2919 192 2980 electa
218 2936 255 2978 ex
279 2926 400 2980 centnm
421 2914 589 2999 praeceptis
613 2937 688 2998 quae
715 2920 908 2980 simulacrum
930 2919 1054 2980 Veneris
1077 2937 1114 2979 ex

105 3005 250 3087 Sibyllinis
278 3005 362 3067 libris
392 3007 556 3088 dedicaret,
587 3010 698 3068 iterum
727 3007 878 3087 religionis
909 3011 1113 3086 experimento

106 3094 218 3156 Claudia
241 3093 362 3156 inducta
385 3096 508 3157 Romam
531 3095 621 3157 deum
643 3105 746 3158 matre.

166 3180 224 3248 36.
250 3178 324 3267 (36)
363 3185 485 3246 Pietatis
509 3187 642 3265 exempla
664 3185 779 3247 infinita
802 3185 922 3265 quidem
945 3193 1007 3245 toto
1026 3183 1104 3258 ,orbe
1116 3191 1165 3242 121

170 3450 285 3502 tseB.
313 3461 364 3501 om.
383 3463 406 3501 r.
437 3447 442 3514 Ι
471 3444 699 3500 discriminante.
719 3450 767 3499 dr.
798 3447 802 3514 t
832 3445 911 3499 sedes
931 3449 978 3498 tt.
1008 3445 1013 3510 Ι
1042 3446 1071 3498 te
1089 3460 1112 3496 o.

108 3519 134 3571 ct
148 3517 174 3572 u.
254 3517 380 3574 emcior
398 3515 459 3572 Siti.
487 3532 547 3572 ore
564 3517 656 3572 121‘111.
685 3533 744 3572 rae
762 3522 792 3569 1).
822 3531 893 3570 -rom
910 3533 933 3571 r.
1007 3513 1116 3570 utria

109 3588 135 3640 ὕ
150 3587 216 3645 noo.
244 3604 296 3646 om.
314 3606 338 3644 r.
395 3593 428 3642 25
449 3587 576 3642 adiurato
595 3587 629 3639 Fi
647 3585 716 3642 noo.
772 3593 807 3642 26
826 3602 877 3640 sua
893 3586 938 3639 12².
963 3601 1073 3638 summa
1090 3601 1114 3639 r.
