2620 3948
311 116 833 192 111111111111111-’11111-311
1020 121 1083 186 129
1174 161 1180 172 ·

67 274 182 354 putatio
197 271 294 332 aufert
308 279 474 332 traversum
489 272 620 331 animum
635 269 670 330 ad
685 271 963 350 contemplationem
978 289 1083 334 eorum

69 363 169 440 quiin
190 361 404 438 conquestione
423 359 510 420 luxus
530 376 642 438 coquos
656 362 714 419 emi
733 360 865 438 singulos
879 359 974 440 pluris
995 377 1082 438 quam

69 468 162 528 equos
190 447 380 528 quiritabant.
430 456 459 508 at
486 466 566 508 nunc
594 449 659 508 coci
688 450 778 509 trium
805 466 950 524 1111111111
977 450 1082 528 pretiis

67 545 211 618 parantur
239 544 268 598 et
292 554 457 616 coquorum
479 539 590 618 pisces,
620 535 779 614 nullusque
806 555 899 616 prope
924 538 982 598 iam
1004 555 1081 600 mor·

43 627 136 688 stalis
160 627 333 688 aestimatur
359 625 454 704 pluris
477 643 566 706 quam
594 627 646 704 qui
672 626 852 704 peritissime
880 643 1004 689 censum
1031 625 1081 686 do-

68 717 142 775 mini
161 715 276 793 mergit.
326 709 382 775 18.
407 714 531 774 mullum
549 727 648 774 Lxxx
670 712 813 776 librarum
836 715 866 773 in
886 716 961 787 mari
979 712 1080 774 Rubro
1101 717 1136 768 68

69 811 190 884 captum
209 802 372 864 Licinius
399 802 584 864 Mucianus
610 802 753 884 prodidit,
787 804 888 880 quanti
915 809 1082 868 mercatura

69 911 138 954 eum
161 892 279 952 luxuria
302 889 481 964 suburbanis
503 889 640 951 litoribus
663 886 838 950 inventmn?

136 973 211 1062 (32)
234 977 288 1040 Est
311 987 341 1039 et
362 979 436 1043 haec
459 987 566 1040 natura
593 987 626 1042 ut
649 979 698 1039 alii
722 977 791 1042 alibi
813 981 912 1058 pisces
933 979 1081 1057 principa-

32 1086 56 1126 1o
69 1077 133 1132 tum
155 1070 317 1148 optineant,
341 1069 496 1138 coracinus
519 1070 551 1128 in
573 1065 714 1147 Aegypto,
737 1085 807 1128 zeus
824 1067 904 1135 idem
926 1065 1009 1148 faber
1033 1083 1082 1144 ap-

67 1157 194 1238 pellatus
213 1155 352 1237 Gadibus
371 1159 451 1218 circa
466 1155 601 1220 Ebusum
620 1155 709 1236 salpa,
727 1154 875 1218 obscenus
894 1149 963 1218 alibi
983 1161 1012 1216 et
1031 1156 1083 1232 qui

69 1264 216 1326 nusquam
238 1247 382 1324 percoqui
404 1247 500 1328 possit
522 1246 582 1307 nisi
604 1243 699 1306 serula
721 1241 908 1323 verberatus3
939 1245 971 1318 in
994 1241 1082 1322 Aqui-

69 1336 147 1395 tania
170 1333 263 1398 salmo
285 1333 435 1395 fluviatilis
458 1335 581 1396 marinis
604 1331 742 1395 omnibus
763 1332 942 1412 praefertur.

136 1414 211 1505 (33)
248 1421 379 1483 Piscium
409 1423 458 1490 alii
486 1420 643 1490 branchias
673 1420 851 1500 multiplices
880 1419 1004 1498 babent,
1034 1417 1084 1478 alii
1102 1425 1135 1473 69

34 1527 57 1568 ra
71 1511 230 1592 simplices,
254 1511 302 1572 alii
320 1510 461 1592 duplices
503 1511 550 1571 his
570 1529 675 1589 aquam
694 1511 834 1570 emittunt
852 1515 1003 1588 acceptam
1022 1525 1082 1566 ore.

47 1626 50 1631 ·
70 1601 234 1662 senectutis
252 1599 395 1661 indicium
414 1617 604 1679 squamarum
624 1599 741 1678 duritia,
765 1615 839 1676 quae
859 1615 918 1657 non
934 1604 1004 1658 suut
1022 1615 1082 1656 om-

70 1688 157 1749 nibus
182 1687 302 1753 similes.
350 1689 408 1748 duo
433 1688 515 1749 lacus
538 1687 638 1747 ltaliae
662 1689 694 1746 in
716 1685 866 1746 radicibus
889 1683 1007 1763 Alpium
1030 1683 1082 1744 La-

71 1779 133 1837 rius
157 1775 394 1846 etsllerbannus
409 1776 603 1856 appellantur,
631 1773 794 1854 inquibus
821 1776 920 1854 pisces
946 1772 1083 1836 omnibus

72 1867 155 1928 annis
178 1864 370 1945 vergiliarum
389 1873 457 1925 ortu
476 1866 624 1925 exsistunt
642 1865 773 1942 squamis
792 1863 947 1941 conspicui
969 1861 1084 1922 crebris

36 1968 60 2008 20
73 1961 158 2034 atque
181 1955 360 2034 praeacutis,
382 1953 534 2014 clavorum
556 1951 728 2030 caligarium
751 1950 856 2030 effigie,
880 1968 935 2010 nec
958 1949 1083 2028 amplius

73 2060 159 2120 quam
183 2045 263 2104 circa
286 2061 355 2104 eum
377 2060 512 2102 mensem
534 2043 678 2101 visuntur

140 2125 197 2194 19.
224 2124 298 2212 (34)
329 2129 453 2193 Miratur
477 2138 507 2191 et
529 2129 654 2191 Arcadia
677 2131 765 2188 suum
788 2132 963 2188 enocoetum
986 2123 1083 2226 appel·
1103 2123 1136 2170 70

48 2209 162 2279 'latum
191 2219 229 2279 ab
253 2237 288 2278 eo
319 2219 436 2298 quod
427 2237 458 2278 m
486 2220 599 2280 siccum
627 2217 724 2280 somni
751 2233 839 2275 causa
867 2217 959 2273 circat.
1005 2210 1084 2272 circa

42 2295 230 2372 Clitorium
252 2307 360 2368 vocalis
380 2307 431 2368 hic
454 2306 582 2368 traditur
605 2313 635 2366 et
659 2307 722 2366 sine
746 2301 909 2382 branchiis,
931 2300 1011 2360 idem
1033 2300 1082 2359 ali·

38 2409 60 2448 11
74 2397 138 2472 quis
161 2395 273 2462 Adonis
296 2395 402 2456 dictus
573 2455 574 2458 ,

127 2477 214 2566 (35)
238 2481 356 2562 Enormi
377 2484 410 2548 m
434 2491 545 2545 terram
567 2491 598 2544 et
621 2483 672 2562 qui
694 2481 801 2544 marini
819 2497 920 2542 mures
941 2485 1084 2540 vocantur
1103 2484 1136 2533 ‘11

75 2581 103 2631 et
124 2573 225 2652 polypi
249 2579 280 2631 et
297 2589 447 2653 murenae,
471 2574 543 2651 quin
563 2579 592 2631 et
609 2573 641 2630 in
660 2569 758 2629 lndiae
778 2567 950 2628 fluminibus
969 2573 1085 2627 certum

75 2679 166 2738 genus
188 2662 327 2742 piscium,
350 2678 383 2720 ac
407 2659 513 2728 deinde
534 2658 637 2719 resilit.
678 2676 745 2718 narn
764 2658 795 2717 in
814 2664 915 2734 stagna
935 2663 964 2714 et
983 2673 1084 2715 amnes

76 2751 250 2812 transeundi
268 2750 419 2828 plerisque
438 2747 559 2810 evidens
578 2749 653 2807 ratio
674 2753 719 2806 est
739 2752 771 2805 ut
790 2752 870 2805 tutos
889 2745 968 2804 letus
988 2743 1085 2823 edant,

42 2840 142 2914 atqua
172 2857 233 2898 non
257 2840 317 2898 sint
346 2837 388 2898 ibi
417 2839 469 2916 qui
492 2837 635 2896 devorent
664 2842 767 2913 partus
789 2833 957 2911 fluctusque
986 2833 1085 2890 minus
1169 2909 1170 2912 Ἴ
1243 2913 1247 2919 ἦ

77 2929 213 2986 saeviant.
258 2926 311 2986 has
334 2925 465 3004 intellegi
489 2925 525 2984 ab
543 2926 580 2984 iis
603 2941 706 2984 causas
728 2923 898 2999 servarique
917 2927 1085 2998 temporum

77 3014 154 3074 vices
177 3017 270 3093 magis
293 3017 428 3094 miretur,
459 3016 483 3073 si
507 3015 573 3091 quis
599 3019 719 3091 reputet
745 3017 836 3088 quoto
861 3010 967 3086 cuique
991 3007 1083 3066 homi«

131 3316 180 3364 -2
199 3311 330 3380 pluriso.
358 3325 414 3365 -ros
432 3309 460 3363 11
530 3305 745 3376 aquariaebant
761 3303 805 3357 111.
834 3302 900 3371 qrit-
919 3301 1086 3369 1111111111

82 3330 1119 3463 111111111111111111111.1111.111111111.11111111111111.-

83 3453 113 3500 11
132 3451 199 3507 alibi
217 3452 311 3521 etqui
329 3457 629 3532 om.lt.12quam
646 3453 677 3501 B:
703 3461 881 3513 nusquomr.
943 3449 977 3496 29
996 3445 1085 3494 trans-

83 3470 809 3600 1111111611.-111111111.-1111111111’111111111.
910 3513 1089 3568 aauieeso

85 3589 125 3642 uls
141 3595 233 3648 811118
250 3611 272 3648 Τ.

133 3681 197 3723 Pone.
211 3693 266 3724 1111.
280 3694 342 3724 11111.
369 3684 400 3724 11.
910 3679 926 3725 9
