2620 3948
211 139 273 205 126
343 197 344 200 ,
568 137 597 193 C.
616 134 715 192 PLINI
735 136 892 192 SECUNDI

208 289 340 368 Augusto
368 290 458 366 piscis
486 305 502 346 e
526 289 600 346 mari
623 286 659 346 ad
682 286 773 366 pedes
797 289 861 347 eins
884 285 1024 366 exsilivit,
1052 303 1111 364 quo
1134 303 1226 364 argu·

207 385 307 438 mento
331 384 412 437 vates
436 375 617 454 respondere
641 375 813 454 Neptunum
837 382 952 454 patrem
976 373 1133 453 adoptante
1156 381 1228 434 tum

208 465 265 526 sibi
289 465 378 526 Sexto
401 465 542 543 Pompeio
572 497 613 506 -
642 471 723 525 tanta
751 472 815 524 erat
847 464 956 523 navalis
985 465 1028 523 rei
1056 463 1149 542 gloria
1176 495 1225 504 -

209 553 264 616 suh
287 552 413 633 pedibus
437 551 570 613 Caesaris
598 553 716 614 futuros
743 555 795 631 qui
822 554 913 613 maria
941 561 1075 630 tempore
1098 551 1148 611 illo
1176 559 1224 611 te·

208 651 323 704 nerent,
1240 661 1254 700 5

156 748 189 798 ιι
276 727 349 815 (23)
373 730 504 791 Piscium
528 731 653 791 feminae
677 733 804 790 maiores
830 748 917 809 quarn
941 748 1046 790 mares,
1093 731 1123 789 in
1147 747 1223 807 quo-

209 821 276 880 dam
303 839 412 900 genere
440 821 560 880 omnino
588 837 649 878 non
677 826 746 880 sunt
773 837 883 900 mares,
914 821 992 879 sicut
1018 817 1166 896 erythinis
1189 827 1223 879 ct

208 911 339 981 ohannis.
386 927 488 970 omnes
512 909 592 968 enim
619 909 681 967 ovis
704 909 840 987 gravidae
864 909 1030 986 capiuntur.
1076 914 1224 988 vagant-nr

208 1000 352 1078 gregatim
374 999 437 1058 lere
461 999 607 1075 cuiusque
630 999 748 1074 generis
768 999 926 1076 squamosi.
968 999 1126 1076 capiuntur
1150 1005 1222 1058 ante
1297 987 1298 1072 ι

209 1087 279 1148 solis
298 1095 405 1147 ortum.
447 1093 512 1146 tum
529 1087 654 1145 maxime
673 1087 801 1164 piscium
819 1085 931 1146 fallitur
949 1087 1039 1146 visus.
1081 1085 1224 1146 noctibus
1241 1103 1269 1143 ro
1297 1089 1298 1152 ξ

208 1178 303 1257 quies,
326 1178 382 1236 sed
403 1172 579 1236 inlustribus
602 1191 695 1252 aeque
720 1192 808 1253 quam
831 1174 878 1234 die
902 1181 1038 1235 cernunt.
1083 1176 1168 1236 aiunt
1192 1183 1224 1236 et
1297 1181 1298 1262 ,

208 1268 234 1324 si
252 1271 367 1325 teratur
386 1281 494 1342 gurges
513 1265 663 1323 interesse
678 1271 826 1345 capturae,
847 1265 947 1342 itaque
965 1263 1068 1342 plures
1088 1264 1223 1324 secundo
1297 1275 1298 1330 ι

207 1361 306 1413 tractu
325 1355 390 1431 capi
411 1370 498 1430 quam
517 1353 622 1430 primo.
666 1359 756 1430 gustu
774 1351 831 1412 olei
850 1353 985 1434 maxime,
1008 1352 1076 1412 dein
1095 1353 1225 1413 modicis
1297 1375 1298 1414 ι

208 1440 354 1502 imbribus
368 1439 497 1520 gandent
515 1439 702 1519 alunturque.
740 1442 849 1520 quiippe
869 1449 899 1501 et
916 1440 1099 1502 harundines
1118 1459 1224 1520 quam·

208 1532 252 1590 vis
274 1532 305 1590 in
328 1529 434 1608 palude
453 1536 613 1607 prognatae
637 1547 697 1588 non
715 1537 814 1590 tomen
838 1531 901 1590 sine
920 1528 1016 1590 imbre
1037 1528 1267 1612 adolescente
1297 1569 1298 1608 ἦ

208 1626 238 1679 et
262 1617 332 1678 alias
354 1616 535 1697 ubicumque
558 1619 656 1697 pisces
679 1620 710 1678 in
735 1619 837 1678 eadem
860 1636 935 1697 aqua
959 1618 1087 1701 adsidui,
1111 1621 1136 1678 si
1160 1637 1223 1680 non
1297 1615 1298 1694 1

208 1707 325 1788 adlluat,
349 1707 561 1767 exanimantur.
1297 1711 1298 1730 l

156 1795 188 1843 57
276 1789 349 1878 (24)
368 1794 570 1874 Praegelidam
588 1794 716 1855 hiemem
735 1814 839 1857 omnes
858 1798 1001 1878 sentiunt,
1022 1795 1074 1857 scd
1094 1797 1223 1856 maxime
1297 1823 1298 1828 ¹

208 1888 259 1964 qui
282 1883 409 1965 lapidem
431 1885 462 1943 in
486 1885 582 1963 capite
604 1882 714 1962 habere
738 1887 953 1966 existimantur,
975 1893 1010 1946 ut
1032 1885 1108 1966 lupi,
1134 1883 1223 1944 chro-
1297 1889 1298 1898 ’

208 1976 278 2054 mis,
308 1975 444 2053 sciaena,
467 1975 579 2052 phagri.
626 1991 694 2033 cnm
722 1991 842 2053 asperae
871 1975 984 2034 hiemes
1008 1974 1106 2054 luere,
1135 1972 1224 2034 multi
1238 1989 1266 2029 so

208 2065 289 2123 caeci
308 2064 474 2141 capiuntur.
516 2064 616 2140 itaque
635 2061 682 2121 his
700 2062 853 2123 mensibus
870 2065 967 2123 iacent
981 2062 1131 2141 speluncis
1151 2079 1223 2122 con-

155 2146 215 2194 ⁸¹2⁶
191 2152 288 2247 diti,
256 2152 416 2212 tsicut
408 2169 438 2210 m
450 2169 562 2230 genere
581 2152 770 2220 terrestrium
789 2150 953 2233 retulimus,
973 2153 1098 2211 maxime
1114 2150 1224 2230 hippu-

175 2209 280 2299 qqrus
300 2247 330 2300 et
348 2241 478 2300 coracini
470 2239 589 2301 'hieme
608 2257 669 2299 nou
688 2242 765 2318 capti
784 2249 993 2319 praeterquam
1011 2241 1095 2300 statis
1114 2237 1225 2300 diebus

207 2331 364 2406 pauciset
351 2327 491 2388 tiisdem
514 2346 642 2409 semper,
665 2329 737 2388 item
756 2347 880 2389 murena
904 2337 934 2389 et
957 2327 1078 2409 orphus,
1101 2346 1225 2409 conger,

206 2435 314 2495 percae
343 2423 373 2477 et
360 2416 537 2477 tsaxatiles
565 2433 677 2476 omncs
723 2424 803 2477 terra
831 2418 964 2498 quidem,
991 2417 1047 2476 hoc
1071 2423 1118 2476 est
1146 2416 1224 2476 vado
1239 2433 1265 2474 aa

208 2507 298 2564 maris
317 2512 465 2586 excavato,
484 2505 572 2564 condi
589 2523 644 2584 per
662 2505 776 2566 hiemes
795 2506 990 2587 torpedincm,
1013 2497 1152 2587 psallum,
1173 2523 1224 2565 so·

207 2592 284 2652 leam
307 2592 436 2655 tradunt.

155 2689 189 2738 58
276 2673 349 2763 (25)
372 2680 497 2752 Quidam
511 2699 617 2743 rursus
632 2691 732 2743 aestus
746 2684 919 2763 inpatientia
933 2682 1038 2743 mediis
1053 2681 1223 2743 fervoribus

208 2771 362 2849 sexagenis
386 2768 490 2829 diebus
509 2769 548 2847 lat
536 2777 609 2851 tent,
632 2779 666 2832 ut
687 2762 817 2854 glaucus,
841 2770 931 2854 aselli,
954 2779 1082 2832 auratae
1119 2771 1222 2832 fluvia

207 2911 420 2920 W...-

280 2976 501 3032 1exsiliuitd
540 2976 683 3031 exsiliunt
709 2983 740 3032 B
783 2977 931 3033 exiluitr.
1005 2977 1220 3046 berythiniso
1297 3015 1298 3048 ,

207 3049 257 3116 cfr.
276 3049 363 3103 Arist,
381 3049 407 3102 b.
427 3065 452 3102 a.
477 3049 520 3098 VI
533 3051 569 3102 13
583 3065 614 3118 p.
634 3053 690 3104 567
708 3049 749 3118 A,
767 3053 814 3104 27.
839 3048 988 3103 aresthinis
1007 3048 1045 3103 ιι.
1069 3047 1221 3103 arasthinis
1297 3049 1298 3092 l

207 3126 263 3174 nr
296 3119 381 3182 -ashi-
400 3119 437 3172 αἱ.
465 3117 543 3172 -asti—
561 3123 585 3172 ι.
619 3119 736 3175 crosthi-
754 3125 786 3174 R
849 3121 949 3175 78οι
965 3118 1083 3174 chunnis
1101 3119 1162 3174 siu.
1192 3121 1223 3174 et

208 3191 304 3246 chanis
322 3190 389 3244 Dal.
411 3189 470 3244 coll
488 3189 575 3244 Arist.
557 3191 612 3246 tt
634 3191 651 3244 l.
680 3193 710 3246 eb
727 3190 814 3245 oanis
827 3191 857 3244 a2
874 3207 925 3245 om.
944 3209 968 3246 r.
1006 3192 1035 3245 et
1059 3190 1220 3245 chromibue

207 3263 266 3318 aaa.
285 3267 346 3317 cett.
401 3265 433 3315 11
446 3262 475 3315 et
487 3264 540 3314 aa.
560 3262 638 3315 seor.
665 3263 716 3330 afr.
730 3262 811 3316 Aret
812 3263 853 3316 ,ιι
864 3281 889 3316 a.
905 3264 1019 3317 Vrrrxe
1027 3279 1055 3330 p.
1066 3261 1166 3328 coac,
1175 3265 1219 3314 11.

279 3339 311 3388 12
330 3334 437 3388 tarnim
454 3337 486 3386 B.
518 3331 583 3386 iter·
601 3349 623 3389 ι.
727 3338 760 3387 19
779 3333 900 3389 chromis
919 3332 980 3388 sut.
1010 3349 1051 3387 -es
1069 3332 1136 3386 Dal.
1168 3332 1219 3399 cfr

206 3405 292 3459 Arist.
313 3405 330 3458 l
350 3405 366 3486 1
381 3420 413 3472 p
433 3402 538 3469 601B,
556 3407 601 3457 30.
634 3403 773 3459 choromis
795 3410 827 3459 B.
855 3405 938 3458 -rami
956 3424 980 3458 a.
1009 3403 1148 3458 -mmisr

207 3481 242 3528 20
259 3474 360 3545 pgriho
378 3473 439 3528 stit.
459 3474 517 3528 coll.
529 3442 619 3528 Arest
639 3475 683 3528 1..1
703 3491 784 3545 pgrxo
776 3475 821 3530 ’11.
885 3481 919 3530 23
935 3475 1098 3549 sssstahisll.
1117 3475 1189 3529 aest·
1202 3491 1221 3526 ι

207 3493 278 3598 eddp
285 3551 345 3600 cett
371 3544 602 3599 ostendebatis
624 3550 655 3600 Β.
680 3493 867 3600 cabalauno
933 3554 967 3602 ιι
985 3547 1108 3618 psettam
1125 3545 1218 3602 Hord.
1297 3571 1298 3616 ι

206 3613 363 3683 piestond.
390 3617 533 3684 pystonr.
606 3621 640 3670 28
659 3615 774 3684 quidam
792 3622 838 3672 sd
866 3618 969 3688 quaed·
987 3635 1010 3674 r.
