2628 3950
312 161 315 164 -
347 129 431 184 Nau.
450 130 542 186 Risi.
562 131 613 186 vii
632 137 737 188 ac-aa
757 133 884 203 (ar-ao)
908 140 916 168 ¹
1078 134 1122 200 25

105 297 168 340 mas
191 281 223 339 in
245 279 365 340 bomine
389 297 438 339 res
456 281 641 359 praestitisse
666 283 865 364 existimatur,
889 290 923 343 ut
945 291 1025 344 esset
1048 286 1122 363 opti·

105 386 172 430 mus
204 375 318 449 orator,
351 370 480 446 optimus
512 370 688 450 imperator,
720 373 864 450 optimus¹
880 378 1012 452 senator,
1046 390 1122 451 quae

104 457 178 517 mibi
201 459 312 542 omnia,
337 459 452 518 etiamsi
474 473 535 516 non
553 460 651 538 prius,
674 465 802 520 attamen
824 457 933 520 clarius
952 459 1070 521 fulsisse
1091 463 1122 522 in

106 545 245 625 Scipione
264 545 427 606 Aemiliano
445 545 592 627 videntur,
614 545 734 626 dempto
752 556 908 627 practerea
925 547 1123 628 plurimorum

72 634 174 696 eodio
198 652 257 712 quo
277 632 349 695 (lato
372 633 523 695 laborarit.
552 636 653 713 itaque
678 638 716 697 sit
738 639 894 716 proprium
913 635 1032 698 Catonis
1053 655 1122 716 qua-

105 731 153 784 ter
176 731 206 784 et
226 722 423 802 quadragiens
447 741 565 783 causam
585 723 708 806 dixisse,
731 743 787 786 noc
806 744 986 806 quemquam
1005 729 1123 806 saepius

105 811 289 892 postulatum
312 820 342 873 et
365 829 483 891 semper
506 811 682 873 absolutum.

175 895 233 962 28.
249 891 323 983 (29)
346 899 502 961 Fortitudo
521 902 628 978 inquo
648 902 777 962 maximo
797 905 945 963 exstiterit
961 905 1112 965 inmensae
1125 918 1175 970 101

105 991 290 1068 quaestionis
321 997 378 1069 cst,
412 991 516 1068 utique
548 992 573 1048 si
602 991 720 1069 poetica
749 991 912 1069 recipiatur
942 991 1122 1054 fabulositas.

58 1078 140 1148 100.
169 1077 285 1138 Ennius
313 1077 346 1138 Τ.
371 1077 530 1138 Caecilium
558 1077 709 1139 Terrarum
736 1079 918 1158 fratremque
947 1082 1011 1140 eius
1039 1099 1122 1160 prae·

105 1170 194 1245 cipue
225 1167 350 1227 miratus
377 1174 501 1246 propter
533 1184 583 1226 eos
615 1174 732 1228 sextum
760 1166 909 1228 decimum
939 1168 1046 1229 adiecit
1073 1188 1123 1230 au·

105 1255 212 1315 nalem.
257 1253 289 1316 L.
314 1255 429 1316 Siccius
452 1255 610 1337 DentatuS,
635 1259 687 1335 qui
710 1255 850 1316 tribunus
873 1255 971 1337 plebei
995 1256 1050 1318 luit
1074 1257 1123 1337 Sp.

105 1343 234 1423 Tarpeio
262 1343 294 1403 Α.
318 1343 439 1404 Aternio
468 1362 528 1404 eos.
556 1343 635 1406 haud
664 1343 757 1406 multo
785 1353 854 1424 post
882 1354 1001 1406 exactos
1028 1364 1124 1428 reges,

105 1433 153 1493 rel
180 1433 424 1494 numerosissima
451 1433 591 1513 suffragia
618 1432 708 1494 habet
737 1436 871 1494 centiens
898 1437 1010 1495 viciens
1037 1453 1123 1515 proe-

42 1534 89 1583 '15
104 1521 209 1604 lictus,
232 1523 347 1583 octiens
370 1540 406 1581 ex
424 1525 635 1601 provocatione
654 1525 757 1603 victor,
780 1523 1123 1602 quadragintaquinque

105 1609 296 1671 cicatricibus
321 1609 444 1670 adverso
463 1629 588 1690 corpore
607 1612 741 1692 insignis,
764 1611 844 1672 nulla
862 1615 893 1673 in
913 1619 1006 1692 tergo.
1035 1613 1115 1672 idem
1125 1624 1177 1674 102

106 1699 201 1778 spolia
232 1701 311 1779 cepit
337 1712 481 1780 xxx1111,
518 1700 645 1761 donatus
674 1700 768 1760 hastis
797 1702 883 1780 puris
912 1700 1124 1782 duodeviginti,

104 1787 236 1868 phaleris
258 1789 523 1870 vigintiquinque,
545 1787 704 1868 torquibus
723 1788 820 1850 tribus
845 1797 875 1850 et
897 1791 1055 1872 octoginta,
1078 1807 1123 1848 ar-

105 1875 197 1936 millis
221 1889 304 1957 cnx,
328 1880 446 1937 coronis
466 1891 567 1959 xxvi,
591 1880 694 1940 civicis
716 1891 810 1957 xxm,
834 1880 933 1938 aureis
955 1886 1037 1958 octo,
1060 1897 1122 1938 mu-

61 1985 90 2024 ro
105 1964 219 2025 ralibus
242 1965 353 2047 tribus,
381 1965 557 2027 obsidionali
579 1983 651 2048 una,
677 1967 749 2026 lisco
777 1968 868 2046 aeris,
896 1981 921 2026 x
943 1967 1065 2046 captivis
1094 1973 1125 2026 ct

8 2071 9 2074 ¹
105 2055 212 2132 viginti
243 2054 333 2116 simul
363 2054 474 2136 bubus,
506 2056 703 2134 imperatores
733 2071 840 2114 novem
871 2055 966 2133 ipsius
998 2057 1124 2115 maxime

106 2159 199 2222 opera
222 2143 439 2222 triumphantes
463 2151 598 2224 secutus,
627 2150 783 2223 praeterea
806 2134 902 2224 (quod
925 2143 1071 2220 optimum
1093 2145 1124 2202 in

106 2229 250 2311 operibus
278 2233 343 2292 eius
370 2225 455 2314 reor)
483 2249 544 2292 uno
573 2249 609 2292 ex
633 2229 759 2292 ducibus
782 2230 815 2291 T.
839 2229 966 2290 Romilio
995 2249 1031 2290 ex
1055 2248 1124 2290 con-

106 2317 207 2380 sulatu
236 2318 272 2379 ad
293 2319 438 2400 populum
467 2321 601 2381 convicto
630 2319 705 2380 male
727 2321 889 2398 imperatae
913 2321 957 2379 rei
980 2319 1124 2380 militaris.

64 2426 90 2466 aa
175 2406 260 2468 Haud
288 2411 403 2470 minora
430 2409 529 2469 forent
551 2408 640 2470 Manli
664 2406 821 2488 Capitolini
844 2406 964 2488 decora,
994 2409 1026 2468 ni
1047 2418 1178 2487 per-103

107 2495 233 2557 didisset
255 2497 304 2557 illa
327 2499 408 2559 exitu
428 2499 513 2558 vitae.
544 2505 611 2557 ante
631 2497 735 2558 decem
759 2503 788 2558 et
806 2505 921 2576 septem
944 2514 1037 2557 annos
1055 2497 1125 2557 bina

108 2593 230 2666 ceperat
253 2585 353 2665 spolia.
398 2589 514 2666 primus
540 2589 680 2648 omnium·
697 2605 789 2664 eques
817 2603 958 2646 coronam
981 2586 1126 2646 muralem

8 2747 9 2750 Ἴ
108 2683 277 2756 acceperat,
301 2693 353 2735 sex
376 2677 497 2756 civicas,
519 2689 647 2736 xxxvii
670 2674 760 2756 dona,
782 2687 874 2736 xx111
898 2676 1052 2735 cicatrices
1076 2674 1124 2734 ad·

107 2779 196 2822 verso
220 2781 345 2842 corpore
370 2771 536 2845 exceperat,
558 2763 590 2824 P.
611 2763 769 2824 Servilium
792 2764 967 2842 magistrum
990 2765 1125 2842 equiturn

68 2859 290 2934 reservaverat,
312 2855 376 2932 ipse
400 2852 573 2914 vulneratus
596 2869 754 2932 umerum,·
771 2851 876 2912 femur.
914 2869 1005 2930 super
1027 2853 1126 2912 omnia

111 2937 288 3019 Capitolium
316 2957 520 3020 summamque
548 2959 614 3002 rem
640 2943 671 3001 in
700 2958 735 3000 eo
764 2939 844 3000 solus
874 2957 890 2999 a
913 2939 1003 3000 Gallis
1028 2957 1124 3000 serva·

109 3036 205 3109 verat,
229 3031 255 3088 si
278 3047 338 3089 non
361 3049 454 3109 regno
478 3048 532 3090 suo
557 3036 712 3090 servasset.

182 3258 198 3306 8
212 3253 337 3309 maxima
349 3253 445 3310 Dulce.
464 3270 521 3309 ·me
535 3255 562 3308 ll.
615 3258 649 3307 10
663 3253 695 3319 Q.
706 3258 737 3306 x.
757 3269 813 3320 qua
826 3257 855 3305 1‘.
874 3269 959 3320 quam
973 3255 997 3306 d.
1017 3266 1088 3320 quoe
1102 3269 1125 3306 r.

183 3330 216 3380 13
235 3325 268 3380 A.
287 3325 380 3380 Hard.
403 3340 454 3379 om.
473 3326 501 3379 ll.
522 3327 527 3392 Ι
550 3325 628 3380 ai'no
646 3329 678 3378 It.
734 3331 767 3378 19
786 3323 896 3378 coronis
914 3321 1031 3377 XXXVI
1049 3321 1125 3376 1²⁸².

109 3395 172 3522 bin
191 3393 287 3450 civicis
305 3397 334 3478 ll3
351 3395 388 3478 'in
405 3395 502 3478 deleuit
525 3395 582 3478 liri.
602 3395 696 3452 educat.
767 3400 801 3475 .²¹
821 3393 930 3464 ingenti
947 3399 978 3477 ii.
1009 3395 1014 3462 Ι
1043 3393 1126 3474 simul

128 3467 200 3521 ubas
216 3466 274 3523 (iel.
296 3466 410 3521 mrhbus
429 3485 454 3520 a.
478 3465 616 3522 similibus
633 3482 657 3520 r.
712 3471 747 3520 24
765 3465 901 3534 rmperate
919 3478 961 3519 rer
977 3463 1022 3517 12².
1046 3465 1126 3516 -rairs

111 3537 199 3592 018¹.
224 3537 313 3593 -ritati
331 3537 373 3591 rei
389 3542 418 3590 F.
443 3537 545 3593 -riboiis
564 3536 624 3590 eius
640 3541 691 3590 ud.
717 3534 888 3590 -raiabiseius
907 3552 930 3587 a.
986 3538 1020 3590 25
1038 3533 1127 3586 Manli

110 3611 163 3664 Ro.
187 3624 238 3664 om.
257 3625 280 3664 r.
353 3614 388 3664 26
407 3607 489 3663 decas
506 3613 538 3661 B.
567 3607 635 3662 -cies
653 3610 677 3659 d.
703 3609 707 3674 l
730 3607 760 3659 ei
777 3605 849 3660 Detl.
869 3620 918 3658 om.
938 3605 965 3657 ll.
