2606 3952
323 149 798 220 uuuursrurrreau1-su,
823 150 890 205 rur
904 153 941 222 (1)
1072 149 1138 216 347

419 457 456 530 O.
484 458 618 530 PLINI
645 457 850 532 suenum

288 603 618 692 Nurunauls
654 603 973 692 Hisroulau

508 773 642 840 cisun
664 773 752 840 rur.

550 937 712 948 ..ιι-...-

190 1039 241 1128 (1)
278 1044 426 1108 Externae
455 1045 578 1107 arbores
608 1046 810 1127 indocilesque
842 1049 924 1107 nasci
950 1043 1020 1106 alibi
1050 1053 1173 1125 quaml

94 1134 175 1200 aulai
205 1152 345 1216 coepere,
377 1142 407 1196 et
437 1153 512 1214 quae
541 1137 573 1196 in
603 1135 712 1196 alienas
742 1154 803 1196 non
835 1142 1002 1196 commeant
1033 1140 1139 1214 terras,

120 1223 266 1284 hactenus
293 1224 356 1284 fere
385 1231 468 1305 sunt,
499 1223 628 1304 licetque
656 1226 715 1286 iam
743 1224 779 1285 de
810 1223 1018 1284 communibus
1048 1222 1138 1303 loqui,

122 1331 251 1392 quarum
282 1315 415 1374 omnium
445 1312 606 1392 peculiaris
641 1331 750 1393 parens
786 1313 881 1374 videri
917 1319 1016 1392 potest
1048 1311 1138 1372 ltalia.

122 1407 281 1462 noscentes
304 1408 419 1464 tantum
442 1403 633 1462 meminerint
655 1410 777 1463 naturas
805 1420 909 1462 earum
936 1421 953 1462 a
980 1399 1066 1462 nohis
1094 1403 1138 1461 in·

122 1492 210 1552 terim
230 1489 297 1572 dici,
319 1509 381 1551 non
403 1489 535 1551 culturas
568 1509 747 1571 quamquam
770 1498 800 1551 et
819 1490 936 1551 colendi
958 1491 1084 1550 maxima
1107 1491 1138 1549 in

52 1657 57 1665 ι
81 1602 109 1641 10
123 1587 227 1640 natura
249 1580 348 1658 portio
372 1587 426 1641 est.
470 1539 544 1640 illud
567 1581 638 1640 satis
662 1580 764 1640 mirari
791 1598 852 1640 non
880 1597 971 1659 queo,
998 1579 1137 1639 interisse
1157 1585 1173 1634 2

124 1667 307 1747 quarundam
329 1670 503 1730 memoriam
526 1676 615 1748 atque
639 1670 728 1730 etiarn
750 1670 906 1729 nominum
934 1686 1008 1747 quae
1038 1674 1137 1728 aucto·

122 1774 172 1816 res
189 1755 346 1837 prodidere
366 1759 510 1818 notitiam.
547 1759 614 1836 quis
638 1759 718 1818 enim
741 1776 801 1817 non
824 1758 1041 1834 communicato
1065 1755 1138 1816 orbe

122 1852 271 1906 terrarum
294 1848 446 1906 maiestate
470 1845 595 1907 Romani
617 1847 737 1926 imperii
752 1845 918 1926 proiecisse
941 1848 1032 1906 vitam
1053 1852 1139 1924 putet

122 1937 300 1995 commercio
318 1952 422 1994 rerum
440 1953 474 1994 ac
493 1936 634 1995 societate
653 1934 745 1996 festae
763 1936 854 2016 pacis,
873 1936 1030 2013 omniaque
1050 1935 1139 1994 etiam

79 2044 108 2086 15
122 2041 197 2102 quae
228 2031 295 2083 ante
326 2022 443 2084 occulta
472 2022 591 2082 fuerant
617 2025 650 2082 in
679 2025 851 2103 promiscuo
881 2041 939 2084 usu
968 2018 1068 2084 lacta?
1109 2028 1173 2082 at3

121 2110 266 2173 Hercules
293 2130 354 2172 non
382 2113 577 2190 reperiuntur
607 2113 659 2189 qui
688 2113 789 2172 norint
819 2111 911 2173 multa
942 2110 978 2171 ab
1008 2113 1138 2190 antiquis

120 2199 247 2282 prodita.
292 2206 374 2261 tanto
396 2202 565 2280 priscorum
588 2218 661 2260 cura
683 2199 810 2260 fertilior
833 2207 884 2261 aut
906 2200 1053 2261 industria
1075 2199 1138 2260 leli-

63 2319 65 2323 ·
122 2291 185 2350 cior
208 2289 278 2370 fuit,
308 2297 375 2350 arcte
402 2288 482 2348 milia
512 2305 658 2350 annorum
687 2290 766 2349 inter
795 2290 942 2368 principia
971 2288 1138 2349 litterarum

121 2377 278 2438 Hesiodo
300 2385 460 2457 praecepta
487 2378 624 2457 agricolis
651 2378 782 2457 pandere
811 2396 880 2458 orso
909 2376 1137 2456 subsecutisque

79 2490 109 2530 ro
122 2485 183 2528 non
212 2469 315 2546 paucis
344 2465 421 2527 hanc
451 2483 555 2528 curam
585 2468 662 2548 eius,
694 2466 774 2527 unde
804 2465 891 2527 nobis
920 2468 1014 2527 crevit
1045 2465 1138 2548 labor,

122 2558 231 2636 quippe
260 2574 329 2617 cum
358 2555 539 2635 requirenda
569 2557 628 2616 sint
657 2574 718 2616 non
749 2555 845 2616 solum
873 2563 979 2636 postea
1009 2557 1138 2638 inventa,

122 2662 227 2704 verum
259 2647 347 2706 etiam
380 2663 415 2705 ea
447 2663 521 2724 quae
554 2646 729 2724 invenerant
760 2646 853 2724 prisci
891 2644 1004 2705 desidia
1035 2662 1138 2705 rerum

122 2735 327 2795 internecione
357 2735 518 2794 memoriae
548 2734 668 2795 indicta.
721 2735 807 2794 cuius
841 2735 905 2794 vitii
935 2751 1039 2794 causas
1070 2733 1174 2812 quis4

122 2820 193 2881 alias
213 2839 302 2901 quam
318 2821 453 2902 publicas
472 2823 576 2884 mundi
594 2819 762 2883 invenerit?
789 2824 932 2883 nimirum
950 2821 998 2883 alii
1017 2821 1137 2882 subiere

80 2933 108 2974 rs
121 2912 207 2992 ritus,
226 2913 364 2990 circaque
383 2911 439 2972 alia
457 2917 573 2972 mentes
585 2910 741 2972 hominum
760 2911 932 2972 detinentur
952 2918 982 2970 et
999 2913 1138 2971 avaritiae

121 3007 238 3060 tantum
258 3006 344 3060 artes
372 3000 520 3060 coluntur.
575 3006 662 3060 antea
688 2999 813 3061 inclusis
840 3001 974 3079 gentium
1003 3001 1137 3079 imperiis

121 3083 200 3150 intra
217 3090 306 3171 ipsas,
325 3088 458 3168 adeoque
477 3097 507 3150 ct
525 3091 661 3170 ingeniis,
680 3089 807 3168 quadam
825 3088 980 3149 sterilitate
999 3089 1137 3150 fortunae

193 3300 315 3363 4qunm
333 3295 391 3349 d²n
424 3311 537 3364 quaer.
560 3296 633 3348 iun
651 3295 757 3350 litterae
774 3299 952 3352 monuerunt.
1060 3294 1136 3348 cin-
1206 3313 1208 3320 ’

122 3365 234 3421 colendi
245 3371 281 3420 1.
357 3372 388 3420 11
409 3367 495 3422 eiiam
510 3383 527 3420 a
544 3371 575 3424 D.
592 3368 597 3435 Ι
611 3367 757 3421 nominum
774 3383 846 3434 quae
866 3370 952 3420 eodo.
972 3367 1086 3434 *numiq
1100 3370 1136 3418 1.

122 3453 255 3504 -numque
273 3437 317 3494 12¹.
346 3453 495 3506 -nequam
512 3437 557 3495 Di.
637 3443 670 3492 16
688 3437 783 3492 norint
799 3443 878 3491 leo.
906 3438 983 3490 -rnnl
1000 3452 1023 3491 r.
1102 3441 1136 3488 21

123 3522 157 3561 ea
175 3507 232 3562 sint
248 3513 284 3562 Η.
383 3514 416 3562 23
439 3508 547 3563 indicta
564 3508 852 3563 ilredcl.autcBorb.
883 3507 999 3560 inducta
1016 3505 1103 3559 Barb.
1130 3502 1134 3572 l

122 3577 186 3631 uicti
203 3577 642 3634 1D²dredd.auteBarb.Verc.
671 3579 773 3632 summi
791 3594 814 3631 r.
842 3576 933 3631 somni
951 3575 1038 3628 Barb.

124 3653 157 3703 27
177 3649 302 3718 adeoque
321 3656 357 3704 Η.
384 3649 522 3718 uideoque
542 3652 636 3720 (quac
654 3653 686 3717 D)
705 3665 728 3705 r.
756 3647 876 3714 ideoque
894 3663 918 3698 c.
