2612 3962
367 147 452 202 Nau.
470 147 563 203 Htsr.
583 149 647 203 xiv
667 155 735 205 s-r
756 151 846 218 (s-e)
1049 151 1115 218 365

86 297 241 361 Laeetaua
269 299 353 378 eopia
380 296 588 379 nobilitantur,
616 297 761 378 elegantia
788 317 858 360 vero
882 299 1116 362 Tarraconensia

86 395 182 467 atque
198 386 402 448 Lauronensia
420 393 451 448 et
464 385 608 448 Baliarica
629 406 664 448 ex
679 387 789 450 insulis'
804 389 1002 450 conteruntur
1015 388 1115 450 ltaliae

86 479 208 557 primis
246 495 302 538 nee
320 477 425 556 ignoro
445 475 537 537 multa
555 479 767 556 praetermissa
784 477 944 566 plerosque
968 481 1116 540 existima-

87 574 193 648 turos,
222 565 341 645 quando
365 581 453 626 suum
481 567 590 644 suique
617 565 727 647 placet,
755 573 786 626 et
813 583 1005 647 quocumque
1032 571 1117 629 eatur

62 655 193 716 tlahula
216 655 321 716 eadem
344 655 508 736 reperitur,
535 655 595 716 divi
617 653 744 735 Augusti
767 655 948 717 iudiciorum
971 673 1004 717 ae
1028 657 1117 736 palati
1137 666 1170 716 72

86 746 312 824 peritissimum
335 762 352 804 e
375 742 492 804 libertis
521 761 680 806 censuram
703 745 764 805 vini
791 746 823 805 in
851 744 953 826 spallas
981 747 1046 807 eius
1074 746 1116 807 f·

87 835 226 895 aientem
254 833 364 894 dixisse
391 833 503 913 hospiti
531 833 568 893 de
595 833 734 914 indigena
762 835 831 895 vine
858 849 970 895 norum
997 834 1118 915 quidem

87 922 150 984 sihi
169 930 295 1002 gustum
313 939 380 983 esse
403 937 473 982 eum
496 928 585 1002 atque
610 940 670 984 non
693 938 730 984 er
752 921 917 1005 nobilibus,
941 923 994 984 sed
1013 922 1117 984 Gaesa-

89 1029 158 1072 rem
178 1030 242 1073 non
260 1011 340 1073 aliud
357 1018 509 1091 potorum.
546 1029 602 1072 nee
621 1003 791 1092 negaverim
814 1018 844 1073 et
866 1010 922 1074 aha
945 1011 1033 1092 digna
1052 1029 1119 1073 esse

53 1115 77 1154 1⁰
90 1101 182 1182 lama,
206 1101 259 1162 sed
278 1099 315 1162 de
339 1097 451 1180 quihus
471 1117 637 1162 consensus
659 1103 723 1163 aevi
745 1101 922 1162 iudicaverit
943 1101 1017 1164 haee
1041 1108 1119 1163 sunt.

163 1185 200 1252 7.
234 1183 286 1272 (9)
319 1188 405 1250 Nune
438 1189 527 1250 simili
554 1191 641 1252 modo·
674 1193 871 1252 transmarina
898 1190 1042 1252 disemus.
1086 1192 1119 1252 in
1138 1199 1172 1250 te

90 1297 215 1357 summa
228 1278 320 1358 gloria
333 1286 401 1359 post
414 1277 573 1340 Homerica
591 1279 649 1360 illa,
667 1280 704 1341 de
723 1279 832 1359 quihus
851 1297 942 1360 supra
961 1279 1098 1361 diximus,
1105 1288 1132 1336 ta
1139 1302 1172 1343 rr.

91 1368 185 1430 fuere
208 1367 352 1429 Thasium
370 1366 547 1451 Chiumque,
571 1385 607 1430 eu
631 1367 704 1429 Chio
728 1369 808 1449 quod
827 1367 980 1430 Ariusium
1003 1376 1119 1430 vocant.

91 1458 142 1520 his
162 1455 278 1518 addidit
290 1455 432 1518 Lesbium
446 1455 664 1519 Erasistrati
682 1459 803 1519 maximi
821 1457 929 1518 mediol
948 1459 1119 1540 auotoritas,

58 1559 81 1601 15
94 1549 223 1608 eireiter
253 1557 365 1608 cccci
396 1558 507 1607 annum
536 1545 621 1608 urhis
651 1546 771 1608 homae.
817 1563 897 1608 nuno
928 1549 1022 1627 gratia
1051 1554 1119 1608 ante

94 1639 200 1698 omnia
228 1643 275 1697 est
302 1632 500 1717 Clazomenio,
527 1643 687 1717 postqum
713 1637 836 1716 parcius
861 1638 937 1698 mari
966 1636 1119 1698 condiunt.

95 1724 242 1787 Lesbium
270 1732 376 1805 sponte
405 1741 477 1786 suae
504 1732 629 1787 naturae
657 1741 739 1786 mare
767 1727 853 1806 sapit.
905 1739 962 1786 nee
989 1724 1122 1786 'limoliti
1141 1733 1176 1784 14

95 1833 154 1895 per
173 1833 207 1876 se
226 1816 320 1894 gratia
338 1820 373 1875 ut
391 1815 468 1895 rino,
492 1813 545 1876 sed
569 1817 655 1876 euius
678 1814 759 1877 dulei
782 1815 912 1877 admixto
935 1814 1122 1894 reliquorum

97 1904 213 1966 detritis
243 1904 418 1965 suavitatem
450 1904 588 1984 accipiat,
625 1903 714 1965 simul
746 1911 777 1964 ot
809 1910 950 1984 aetatem,
982 1905 1123 1983 quoniam

60 2005 85 2046 2⁰
98 1995 266 2055 vetustiora
283 1993 421 2073 protinus
443 1991 591 2054 videntur.
624 1991 661 2053 ah
683 1992 731 2052 his
754 1991 885 2072 dignatio
909 1999 956 2052 est
975 1991 1123 2073 Sicyonio,

100 2081 222 2164 Cyprio,
241 2081 417 2164 Telmesieo,
434 2079 618 2162 Tripolitieo,
641 2079 770 2162 Berytio,
793 2081 893 2163 Tyrio,
914 2079 1122 2161 Sebennytico.

98 2174 131 2232 in
155 2171 295 2252 Aegypto*
312 2171 369 2231 hoe
392 2172 526 2232 nascitur
548 2169 646 2232 trihus
668 2169 830 2250 generibus
853 2185 978 2231 uvarum
1004 2169 1047 2231 ihi
1069 2188 1121 2232 no·
1142 2177 1176 2228 ‘lt

98 2258 268 2341 bilissimis,
298 2257 421 2342 Thasio,
450 2259 582 2341 aethalo,
612 2277 716 2340 peuee.
761 2266 830 2340 post
858 2259 933 2320 haee
962 2261 1123 2321 auotoritas

99 2348 353 2430 hippodamantio,
371 2347 504 2429 llystieo,
523 2343 883 2431 emitheritae,'protropo
902 2347 1017 2429 Cnidio,
1040 2348 1123 2410 Cata·

101 2492 157 2496 -—
165 2491 318 2498 ........-,-.-

176 2562 194 2618 1Ι
210 2555 353 2612 Laeetania
366 2572 413 2626 epo
426 2572 489 2616 owm
502 2555 650 2612 Hoebeero
663 2556 784 2611 Hermae
797 2559 817 2608 Ι
821 2573 852 2626 p.
863 2560 925 2612 341.
948 2555 999 2623 cfr.
1014 2559 1065 2609 III
1073 2561 1123 2614 22.

101 2627 241 2682 Laletana
255 2627 421 2698 Sipontinae
435 2629 492 2698 (op.
501 2627 599 2697 Bari.)
614 2643 628 2683 e
643 2625 733 2685 Mori.
747 2627 833 2698 epipr.
847 2629 921 2694 126,
930 2631 957 2684 9.
977 2629 1086 2696 111153,
1096 2633 1123 2683 6.

102 2699 189 2754 laset-
207 2702 251 2752 ad
279 2698 413 2754 laritanis
431 2699 475 2754 1³¹.
503 2715 571 2754 -anu
587 2715 611 2753 r.
639 2697 774 2754 Lusitana
792 2699 922 2754 eddom.
948 2699 952 2767 Ι
982 2697 1125 2768 elegantia

102 2803 128 2842 υ.
161 2787 235 2842 -tare
253 2803 275 2842 o.
308 2788 379 2842 -iere
393 2793 423 2840 lt.
455 2780 481 2840 -Ἑ
497 2786 534 2860 he
553 2805 578 2842 ι.
606 2788 680 2842 -ture
698 2790 723 2841 i.
823 2786 961 2856 4euique
979 2787 1057 2869 genti
1075 2790 1125 2841 dr.

176 2862 193 2912 8
212 2873 284 2932 pqne
301 2876 326 2912 a.
410 2863 444 2913 10
462 2857 631 2914 iudicaverit
653 2857 712 2914 Uel.
725 2859 801 2914 nied.
815 2875 844 2913 n.
858 2862 925 2914 237.
959 2859 1028 2912 -rmt
1045 2859 1073 2912 ll.
1084 2859 1124 2914 ed.

104 2929 163 2985 oet.
196 2931 274 2984 -runt
291 2929 349 2984 edd.
365 2927 496 2986 anteGel.
606 2935 640 2984 13
660 2929 794 2984 amusium
813 2931 877 3000 (ss
894 2930 922 3000 a)
941 2933 1006 2982 nat
1014 2929 1124 2985 edon.

105 3015 183 3056 arus·
201 3001 267 3056 noel.
280 2999 345 3056 Vera.
373 3000 460 3056 arris-
478 3001 642 3057 Beroaldus.
715 3006 750 3056 14
768 3001 892 3056 lesutum
910 3018 933 3055 a.
961 2997 1126 3056 Erasistrati

105 3072 242 3141 -uinum
260 3071 805 3144 murrinam(§92eatr.)deeontino.
879 3077 913 3128 15
933 3070 1044 3128 couci
1064 3077 1127 3126 air

104 3143 418 3200 eddaeteBafflna.
451 3141 584 3198 OGOOJ.
603 3150 633 3198 n.
666 3143 713 3198 Dc
732 3143 852 3200 edBae.
881 3146 886 3213 Ι
920 3159 994 3200 amno
1011 3145 1125 3200 nnedd.

106 3213 331 3272 aaronem.
363 3213 581 3286 efr.§97eetr.
680 3220 712 3270 17
731 3214 848 3270 timoliti
866 3213 1125 3272 ruoddtlewetl.

106 3286 157 3352 err.
172 3287 267 3342 Vno.
294 3287 366 3356 tym-
380 3289 426 3343 ια.
455 3284 521 3356 -ryet
534 3293 564 3340 n.
593 3284 710 3342 Tmoliti
726 3285 835 3342 eudo.
863 3285 974 3342 Tmolio
993 3287 1127 3342 enemo

107 3357 165 3412 Gel.
239 3362 272 3412 18
290 3355 368 3413 dulei
386 3357 496 3428 (eise)
513 3357 650 3414 admixtio
668 3363 720 3411 ita.
793 3363 826 3412 21
848 3356 1020 3412 sehennilieo
1039 3359 1125 3414 dauid.

107 3427 246 3484 enteBas.
275 3428 379 3484 -eniieo
397 3448 422 3486 ι.
495 3433 583 3484 2223
602 3427 785 3484 nobilissimis
804 3427 914 3484 insili.
942 3427 989 3482 -lis
1007 3443 1030 3483 r,
1060 3429 1127 3484 -lius

108 3499 303 3556 adamasset.
332 3500 371 3554 -le
385 3500 511 3558 eolddel.
583 3506 617 3555 23
637 3499 760 3568 aethela,
774 3515 862 3570 peuce
876 3500 935 3556 edel.
944 3497 1002 3556 oet.
1031 3498 1126 3554 &allo

107 3587 195 3640 penos
214 3571 304 3640 (eam
321 3573 358 3641 lt)
377 3573 405 3627 ll.
438 3573 467 3627 et
489 3571 606 3644 alopeoe
624 3571 825 3628 eddanteiiel.
934 3576 970 3626 24
992 3573 1126 3642 protropo

108 3641 195 3698 Berh.
224 3644 303 3714 -lopo
323 3643 591 3702 dedendusne.
691 3665 692 3668 ¹
