2608 3958
211 105 233 169 2
559 105 587 160 Ο.
606 106 707 160 PLINI
727 104 884 161 SECUNDI

211 273 269 334 qua
291 261 393 320 natum
418 262 472 315 est.
517 254 575 315 beu
603 257 781 316 dementiam
809 253 845 314 ab
867 254 914 315 bis
937 256 1029 317 initiis
1055 259 1234 318 existiman-

173 351 191 398 4
210 347 285 404 tium
304 343 339 404 ad
354 341 525 422 superbiam
545 363 576 404 se
591 341 722 423 genitos!
746 345 841 424 prima
859 343 976 404 roboris
996 363 1063 425 spes
1082 344 1234 425 primum-

209 451 267 510 que
299 433 443 511 temporis
466 450 576 493 munus
608 433 783 512 quadripedi
820 433 946 492 similem
978 434 1056 494 lacit.
1107 435 1234 513 quando

188 507 321 581 ‘homini
348 519 498 580 incessus!
531 521 649 600 quando
676 519 745 582 vox!
783 522 900 600 quando
927 523 1046 583 lirmum
1075 522 1150 583 cibis
1181 521 1233 584 os!

208 608 348 690 quamdiu
371 609 517 689 palpitans
540 617 655 691 vertex,
688 627 820 670 summae
848 613 927 670 inter
954 619 1061 671 cuncta
1088 611 1260 672 animalias

207 697 409 758 inbecillitatis
432 697 588 760 indicium!
613 701 672 758 iam
695 697 791 758 morbi
814 706 859 759 tot
881 707 969 778 atque
993 701 1157 761 medicinae
1182 708 1233 762 tot

208 794 311 849 contra
330 785 405 846 mala
424 789 619 867 excogitatae,
643 795 673 848 et
691 787 745 847 hae
761 805 879 867 quoque
899 786 1023 849 subinde
1043 789 1231 850 novitatibus

195 875 315 936 'victael
347 882 377 935 et
400 881 501 936 cetera
523 878 635 936 sentire
659 884 796 936 naturam
818 893 915 957 suam,
938 877 994 937 alia
1015 879 1231 956 pernicitatem

206 983 368 1046 usurpare,
391 964 446 1024 3113
463 971 620 1044 praepetes
640 965 766 1045 volatus,
790 965 845 1025 3113
868 983 953 1046 nare,
976 965 1127 1026 hominem
1149 967 1230 1027 nibil

207 1046 284 1123 scire
308 1056 365 1114 nisi
389 1053 532 1134 doctrina,
555 1071 615 1114 non
638 1055 703 1135 lari,
726 1073 786 1114 non
809 1053 933 1136 ingredi,
961 1072 1021 1115 non
1044 1057 1132 1136 vesci,
1155 1055 1228 1116 bre·
1244 1069 1272 1108 10

206 1145 341 1222 vitorque
361 1160 421 1202 non
442 1142 520 1205 aliud
540 1150 662 1202 naturae
681 1149 786 1222 sponte
806 1161 894 1222 quam
908 1142 988 1203 llere.
1018 1146 1117 1223 itaque
1136 1144 1229 1204 multi

207 1234 349 1292 exstitere
373 1233 502 1309 quinon
521 1233 604 1291 nasci
623 1234 769 1311 optimum
789 1238 947 1292 censerent
969 1239 1020 1292 aut
1040 1251 1128 1312 quam
1146 1236 1227 1294 ocis-

170 1323 280 1381 ssime
304 1318 424 1380 aboleri.
451 1322 504 1380 uni
524 1321 716 1381 animantium
735 1320 834 1380 luctus
853 1327 899 1380 est
913 1321 1008 1402 datus,
1030 1324 1083 1382 uni
1096 1321 1227 1403 luxuria,

206 1417 236 1469 et
259 1409 380 1487 quidem
403 1407 668 1469 innumerabilibus
691 1410 786 1469 modis
810 1427 843 1468 33
866 1426 920 1488 per
943 1411 1058 1488 singula
1080 1409 1226 1492 membra,

205 1500 258 1558 uni
281 1497 411 1577 ambitio,
434 1499 487 1557 uni
510 1499 639 1578 avaritia,
661 1499 714 1557 uni
737 1500 871 1558 inmensa
894 1499 1010 1558 vivendi
1029 1500 1145 1580 cupido,
1169 1503 1267 1560 uni1⁵

205 1587 393 1666 superstitio,
421 1588 473 1646 uni
502 1586 671 1665 sepulturae
700 1605 772 1647 cura
799 1595 887 1666 atque
916 1590 1006 1647 etiam
1032 1595 1100 1668 post
1128 1607 1159 1648 se
1185 1590 1224 1650 de

205 1675 317 1736 futuro.
344 1673 420 1734 nulli
432 1676 492 1734 rita
506 1675 647 1757 fragilior,
661 1675 735 1735 nulli
749 1693 852 1736 rerum
867 1677 999 1736 omnium
1013 1675 1104 1738 libido
1118 1679 1224 1759 maior,
1246 1691 1249 1697 ·

205 1763 279 1824 nulli
301 1781 392 1842 pavor
415 1763 577 1844 confusior,
600 1763 674 1823 nulli
696 1763 795 1824 rabies
818 1766 923 1825 acrior.
969 1762 1097 1844 denique
1122 1773 1224 1826 cetera

121 1907 123 1909 ,
205 1853 365 1912 animantia
392 1853 423 1911 in
447 1868 502 1911 suo
525 1869 633 1930 genere
662 1852 755 1931 probe
779 1853 898 1932 degunt.
944 1857 1118 1934 congregari
1140 1854 1222 1915 vide-

204 1959 271 2001 mus
300 1947 330 2000 et
358 1947 436 2000 stare
466 1948 569 2011 contra
596 1941 757 2002 dissimilia.
802 1942 923 2003 leonum
950 1943 1053 2003 feritas
1080 1945 1159 2004 inter
1187 1961 1221 2004 se
1237 1959 1265 1998 33

204 2047 265 2090 non
288 2028 421 2111 dimicat,
454 2030 639 2109 serpentium
662 2049 780 2091 morsus
802 2049 862 2091 non
885 2033 961 2111 petit
984 2039 1151 2114 serpentes,
1181 2051 1220 2092 ne

204 2120 294 2178 maris
319 2117 439 2197 quidem
457 2116 562 2178 beluae
585 2136 618 2178 ac
641 2121 739 2198 pisces
762 2121 821 2180 nisi
843 2122 874 2180 in
891 2121 1006 2180 diversa
1029 2139 1138 2200 genera
1156 2139 1219 2182 sae-

203 2209 296 2268 viunt.
342 2215 372 2267 at
394 2206 522 2268 Hercule
550 2207 663 2267 bomini
685 2208 813 2288 plurima
840 2227 876 2268 ex
899 2209 1018 2269 bomine
1043 2217 1113 2270 sunt
1135 2211 1218 2270 mala.

169 2306 184 2354 6
274 2291 306 2358 1.
348 2295 387 2356 Et
410 2297 446 2356 de
468 2297 661 2356 universitate
685 2297 805 2376 quidem
828 2300 946 2376 generis
965 2297 1090 2359 -humani
1113 2316 1218 2378 magna

204 2403 240 2444 ex
263 2391 347 2464 parte
370 2387 400 2444 in
424 2385 567 2445 relatione
591 2387 724 2463 gentium
743 2386 878 2447 diximus.
918 2405 1015 2466 neque
1040 2389 1119 2448 enim
1141 2389 1217 2448 ritus
1233 2403 1261 2443 2⁵

203 2491 362 2552 moresque
390 2491 470 2534 nunc
497 2473 690 2534 tractabimus
717 2477 891 2536 innumeros
919 2494 953 2535 33
976 2477 1101 2538 totidem
1123 2495 1216 2556 paene

204 2568 277 2639 quot
295 2570 365 2622 sunt
383 2569 487 2622 coetus
500 2561 668 2644 bominum,
687 2565 831 2641 quaedam
844 2573 943 2625 tamen
963 2564 1041 2625 haud
1056 2565 1216 2626 omittenda

203 2649 294 2731 duco,
326 2653 512 2729 maximeque
535 2651 652 2730 longius
680 2650 717 2711 ab
740 2655 814 2713 mari
837 2653 1022 2734 degentium,
1054 2657 1085 2715 in
1109 2653 1216 2733 quibus

201 2738 370 2818 prodigiosa
393 2739 490 2818 aliqua
514 2746 544 2800 31
566 2739 750 2801 incredibilia
773 2741 874 2811 multis
893 2743 989 2803 visum
1011 2744 1049 2802 iri
1067 2741 1145 2803 haud
1162 2744 1215 2804 du·

202 2827 272 2888 bito.
320 2830 386 2907 quis
417 2830 497 2888 enim
523 2828 683 2908 Aethiopas
712 2837 870 2910 antequam
900 2839 1038 2892 cerneret
1068 2829 1215 2893 credidit?
1230 2848 1259 2889 33

202 2923 253 2976 aut
271 2916 342 2995 quid
361 2935 421 2977 non
440 2917 584 2978 miraculo
604 2926 662 2999 est,
685 2921 898 2998 cumprimum
915 2923 947 2980 in
966 2923 1102 2981 notitiam
1115 2919 1215 2982 venit?
1298 2963 1299 2966 κ

202 3023 290 3084 quam
309 3004 401 3066 multa
415 3007 480 3066 lieri
494 3023 554 3066 non
567 3025 655 3086 posse
669 3009 843 3086 priusquam
862 3011 922 3069 sint
936 3010 1012 3070 13313
1026 3007 1213 3071 iudicantur?

272 3233 287 3282 1
307 3229 449 3285 dementia
467 3234 520 3285 Ed.
575 3237 591 3286 6
610 3232 655 3286 131
673 3233 757 3300 alque
770 3231 813 3286 1³⁹.
837 3234 868 3287 1ο
887 3233 1029 3303 31333111.
1051 3236 1154 3304 touque
1168 3235 1211 3288 12¹.

198 3301 298 3368 totque
316 3318 339 3356 r.
362 3304 367 3370 1
391 3303 437 3356 131
453 3301 489 3354 1³²
506 3303 539 3356 iu
556 3317 621 3370 raa„
639 3317 689 3356 om.
709 3319 732 3358 r.
806 3309 839 3358 10
857 3303 912 3358 m'si
929 3311 951 3357 r
968 3305 1001 3359 iu
1018 3321 1073 3360 ras.
1101 3305 1171 3360 nibil
1189 3307 1212 3360 si

199 3372 242 3425 1³¹.
265 3371 355 3426 nichil
374 3373 398 3426 si
415 3378 446 3426 B.
469 3372 541 3426 nibil
559 3373 618 3428 sine
637 3389 661 3428 r.
679 3373 730 3440 cfr.
745 3373 803 3431 Uri.
822 3376 897 3432 eiad.
915 3381 1020 3432 33147.
1076 3383 1109 3431 19
1127 3393 1211 3446 prope

199 3448 230 3496 B.
303 3449 338 3499 26
360 3443 519 3500 innumeros
542 3442 833 3502 331113333111.
866 3446 896 3502 in
911 3458 1044 3502 numeros
1062 3450 1094 3502 at
1110 3447 1146 3500 n*
1167 3448 1211 3517 (11¹

199 3531 249 3570 om.
270 3515 318 3585 31).
345 3511 484 3571 innumeri
503 3519 567 3570 sunt
585 3534 609 3570 a.
665 3521 698 3570 31
719 3534 752 3572 ac
770 3523 802 3572 11.
830 3520 881 3573 aut
897 3535 920 3574 r.
975 3525 1008 3573 32
1029 3517 1209 3576 3131111131,

197 3587 265 3640 sunt
282 3602 306 3643 r.
325 3587 374 3654 cfr.
394 3603 456 3644 333.
475 3589 528 3644 luc.
543 3605 573 3657 p.
592 3591 628 3642 45
645 3603 674 3642 n.
693 3593 738 3644 16.

1298 3809 1299 3848 l
