2636 3952
214 196 280 262 210
560 198 588 252 C.
608 199 707 254 PLINI
726 197 883 254 SECUNDI

214 347 356 430 membra,
378 349 463 410 tenui
484 347 572 409 modo
596 348 694 408 fistula
717 347 914 409 cohaerentia.
943 347 1049 427 aliquis
1072 366 1143 407 vero
1167 366 1228 408 non

213 445 274 498 tota
293 440 433 519 incisura,
456 455 520 498 eam
540 436 687 498 ambiente
706 454 788 517 ruga,
811 436 913 498 sedin
936 435 1000 513 alvo
1024 445 1075 499 aut
1097 455 1227 516 superne

213 533 329 587 tantum
351 525 514 587 imbricatis
536 524 684 586 flexilibus
707 524 867 608 vertebris,
894 543 1042 604 nusquam
1069 524 1138 586 alibi
1161 544 1228 606 spe·

178 617 338 676 notatione
353 624 484 676 naturae
507 615 766 676 rerumartifieio.
813 609 847 676 2.
879 617 911 675 in
938 617 1053 694 magnis
1080 615 1228 694 siqnidem
1309 597 1311 702 l

214 703 390 784 corporibus
408 712 459 764 aut
478 712 558 765 certe
582 702 744 772 maioribus
767 703 860 764 saeilis
883 703 1001 765 officina
1024 705 1145 784 sequaci
1167 719 1255 764 mas

212 796 288 859 teria
307 793 371 854 luit.
408 795 440 855 in
458 793 505 854 his
528 800 589 853 tam
611 795 709 873 parvis
733 801 821 871 atque
845 801 907 853 tam
929 793 1018 854 nullis
1042 811 1117 872 quae
1141 795 1226 873 ratio,

213 889 323 960 quanta
345 885 399 964 vie,
421 900 511 958 quam
533 881 747 942 inextricabilis
770 880 931 961 perfectio!
976 881 1029 943 ubi
1045 890 1097 943 'tot
1120 899 1227 942 sensus

213 971 367 1032 collocavit
389 973 421 1032 in
444 967 562 1031 culice?
586 1003 628 1013 —
652 979 683 1030 et
706 978 776 1032 sunt
798 970 854 1030 alia
875 970 957 1033 dictu
977 973 1092 1031 minora
1112 1003 1154 1013 —
1174 970 1226 1031 sed

212 1059 265 1122 ubi
287 1062 384 1120 visum
406 1062 438 1120 in
459 1077 494 1120 eo
513 1055 703 1139 praetendit?
726 1058 777 1119 ubi
800 1065 952 1138 gustatum
975 1056 1151 1139 adplicavit?
1174 1057 1228 1119 ubi

212 1149 369 1210 odoratum
387 1145 537 1209 inseruit?
559 1147 611 1209 ubi
629 1166 700 1208 vero
720 1148 921 1209 truculentam
939 1148 1018 1209 illam
1037 1156 1067 1209 et
1089 1149 1227 1228 portione
1242 1164 1270 1204 10

177 1240 369 1298 3maximam
397 1255 499 1298 vocem
526 1234 731 1316 ingeneravit?
761 1255 819 1316 qna
849 1236 1011 1298 subtilitate
1041 1239 1147 1317 pinnas
1177 1237 1229 1297 ad·

213 1328 333 1408 nexuit,
359 1325 560 1406 praelongavit
582 1324 693 1405 pedum
720 1344 821 1406 crura,
849 1326 996 1406 disposuit
1023 1328 1152 1386 ieiunam
1180 1344 1228 1386 ea-

211 1434 296 1476 veam
318 1417 364 1476 uti
386 1413 483 1474 alvum
506 1415 628 1496 avidam,
653 1416 804 1495 sanguinis
832 1423 862 1476 et
888 1417 1078 1494 potissimum
1104 1414 1228 1475 humani

212 1507 293 1565 sitim
311 1501 459 1563 accendit!
482 1503 576 1564 telum
598 1521 669 1563 vero
692 1503 886 1583 perfodiendo
909 1505 1023 1583 tergori
1046 1522 1104 1583 quo
1128 1506 1228 1583 spicu-

211 1593 281 1653 lavit
302 1593 436 1673 ingenio,
466 1598 555 1670 atque
578 1593 666 1653 utin
694 1594 807 1674 capaci,
838 1610 906 1654 enm
934 1594 1018 1653 cerni
1043 1611 1104 1652 non
1131 1595 1269 1672 possita

212 1680 337 1760 exilitas,
360 1681 514 1760 reciproca
537 1683 689 1760 generavit
712 1689 774 1742 arte
798 1689 832 1742 ut
859 1681 998 1742 fodiendo
1027 1683 1228 1743 acuminatum
1310 1747 1311 1766 ,

211 1771 323 1848 pariter
353 1767 562 1848 sorbendoque
593 1769 762 1831 fistulosum
792 1768 886 1830 esset!
920 1789 995 1849 quos
1026 1770 1155 1831 teredini
1190 1769 1227 1830 ad

175 1856 389 1937 tperloranda
412 1856 520 1918 robora
543 1876 613 1918 enm
636 1877 709 1918 sono
732 1866 810 1921 teste
833 1859 938 1920 dentes
966 1859 1080 1940 adfixit,
1107 1860 1227 1938 potissi·

211 1963 352 2025 mumque
383 1965 399 2006 e
429 1945 510 2026 ligno
541 1947 672 2008 cibatum
695 1945 778 2009 lecit!
808 1948 860 2008 sed
890 1949 1058 2026 turrigeros
1088 1945 1224 2027 elephan-

210 2043 311 2097 torum
334 2037 478 2096 miramur
505 2053 626 2096 umeros
653 2043 868 2116 taurorumque
898 2035 973 2097 colla
1002 2044 1033 2097 et
1062 2043 1163 2096 truces
1192 2037 1225 2096 in
1240 2049 1267 2090 ao

211 2123 337 2186 sublime
356 2126 460 2206 iactus,
478 2126 600 2204 tigrium
617 2127 749 2206 rapinas,
772 2124 893 2186 leonum
910 2125 1009 2206 iubaS,
1032 2143 1102 2185 eum
1124 2141 1228 2185 rerum

210 2221 315 2275 natura
338 2231 485 2293 nusquam
512 2215 605 2293 magis
633 2230 722 2292 quant
750 2215 782 2274 in
811 2215 942 2274 minimis
972 2220 1033 2275 tota
1063 2215 1110 2275 sit.
1156 2229 1227 2292 qna-

209 2310 334 2382 propter
364 2320 488 2383 quaeso,
519 2319 557 2363 ne
587 2300 733 2383 legenteS,
766 2304 906 2381 quoidam
938 2320 974 2362 ex
1003 2301 1050 2362 bis
1080 2310 1229 2382 spernunt

209 2391 318 2472 multa,
352 2392 442 2451 etiam
471 2390 562 2452 relata
593 2391 711 2453 lastidio
741 2391 899 2473 damnent,
933 2408 1002 2452 cum
1031 2395 1064 2452 iu
1094 2398 1228 2452 contem·
1306 2397 1307 2400 ’

208 2479 338 2558 platione
361 2486 485 2541 naturae
509 2478 582 2540 nibil
604 2482 699 2559 possit
721 2479 816 2540 videri
839 2496 1065 2559 supervacuum.
1242 2493 1268 2533 2⁵

174 2573 191 2623 ὅ
278 2561 312 2629 3.
337 2560 389 2649 (2)
419 2566 536 2629 lnsecta
558 2567 644 2630 multi
666 2576 816 2648 negarunt
838 2571 965 2649 spirare,
992 2567 1082 2646 idque
1111 2569 1228 2629 ratione
1307 2575 1308 2588 ¹

209 2655 438 2737 persuadenteS,
468 2658 608 2736 quoniam
637 2659 751 2717 viscera
778 2659 923 2720 interiora
952 2674 1048 2717 nexus
1077 2655 1228 2735 spirabilis

209 2763 269 2805 non
298 2746 458 2806 inessent
489 2747 589 2824 itaque
620 2747 718 2806 vivere
749 2753 783 2808 ut
812 2747 915 2825 fruges
947 2744 1144 2826 arboresque,
1173 2745 1228 2806 sed
1306 2811 1307 2814 Ἴ

208 2833 371 2914 plurimum
402 2835 548 2894 interesse
579 2836 673 2914 spiret
704 2834 816 2914 aliquid
848 2853 886 2895 an
916 2835 1003 2894 vivat.
1053 2832 1157 2895 eadem
1189 2834 1227 2894 de

209 2940 298 2984 causa
321 2941 377 2983 nee
400 2925 575 3002 sanguinem
602 2922 649 2983 his
677 2941 758 3005 esse,
791 2925 842 3002 qui
869 2925 909 2984 sit
936 2921 1026 2984 nullis
1053 2921 1227 2984 carentibus
1242 2936 1268 2977 aa

209 3011 299 3072 eorde
329 3019 418 3091 atque
447 3013 556 3072 iecore.
610 3013 653 3073 sie
683 3030 738 3073 nec
766 3015 881 3092 spirare
911 3029 946 3072 ea
981 3009 1091 3090 quibus
1124 3011 1227 3091 pulmo

279 3260 386 3325 bruge
403 3253 445 3308 π’.
471 3269 530 3309 ·am
547 3252 591 3310 12².
618 3271 649 3316 ro
705 3253 771 3308 lvd.
797 3270 841 3308 as
853 3270 877 3310 r.
950 3252 1125 3308 3flexilibus
1142 3253 1229 3310 1¹2¹.

208 3326 241 3378 -li
259 3343 282 3380 r.
362 3333 436 3380 tun
454 3326 540 3394 etque
559 3325 646 3380 etiam
738 3332 765 3393 17
785 3341 870 3394 quam
888 3325 929 3379 ed.
947 3324 1015 3379 Bae.
1047 3325 1107 3378 tum
1125 3324 1153 3380 u.

208 3402 295 3451 11.12
310 3396 444 3450 adnexuit
455 3412 481 3451 a.
500 3396 581 3450 -eetil-
594 3396 622 3451 tt.
679 3400 765 3451 1213
780 3395 1085 3451 tenementum.
1104 3412 1184 3450 -uam
1198 3397 1230 3451 ll.

280 3473 312 3521 13
332 3468 395 3522 dist.
414 3479 468 3537 epo.
492 3467 497 3535 Ι
518 3466 695 3537 potissimam
713 3467 833 3521 limet.
910 3472 944 3522 16
963 3481 1067 3536 genera
1083 3466 1175 3521 uitare
1195 3472 1229 3522 n.

279 3542 314 3591 24
331 3537 403 3591 inv.
431 3553 481 3592 om.
501 3538 529 3592 u.
601 3544 635 3592 27
654 3537 729 3593 inter
747 3541 776 3594 et
794 3555 844 3594 ora
860 3538 935 3592 Dea.
960 3537 1045 3593 deleri
1063 3538 1123 3591 vult
1141 3536 1231 3592 oaor-

206 3620 251 3672 9ea
264 3607 361 3673 philol.
379 3610 504 3660 XXXII
512 3624 543 3678 p.
554 3612 618 3664 690.
691 3609 975 3666 remanentiam
993 3623 1055 3664 cum
1074 3608 1132 3664 Uri.
1147 3609 1228 3664 vind.

207 3681 314 3730 n.198.
342 3679 397 3731 -set
414 3678 472 3735 liv.
545 3684 579 3734 29
599 3679 707 3748 aliquid
724 3680 788 3736 Εὐ.
817 3681 853 3736 -is
871 3698 894 3737 r.
1302 3659 1304 3750 l
