2624 3954
333 128 418 183 ΝΑΤ.
436 127 588 186 flium
606 132 712 184 45-48
732 129 895 198 (too-108)
1056 128 1121 196 271

107 282 212 360 nigera
242 279 307 342 iere
339 279 461 342 hisuloa.
516 279 610 340 solida
641 279 752 359 ungula
781 287 814 340 et
844 278 968 340 bicorne
999 279 1124 362 nullum,
1180 264 1182 268 ’

107 371 253 432 unicorne
285 371 387 432 asinus
419 375 536 434 motum
564 367 701 450 ludione,
737 370 882 430 uaioorne
914 376 946 430 et
976 368 1125 430 bisulcum

108 477 190 539 oryx.
235 458 310 520 talos
333 460 435 522 asinus
457 457 577 520 lodieus
600 476 679 520 uuus
702 457 899 538 solidipedum
926 457 1030 539 hahet,
1056 467 1125 520 nam

109 566 180 610 sues
203 565 239 608 ex
261 555 392 626 utroque
418 565 540 626 genere·
556 548 775 627 existimantur,
806 547 874 608 ideo
904 547 984 610 laedi
1013 565 1125 610 earum.

80 636 258 698 ahomioem
291 639 343 716 qui
375 637 582 706 existimarunt
614 635 724 698 hebere
756 635 841 698 iaoile
874 638 1010 698 oonrioti.
1056 636 1125 716 lynx

107 733 223 788 tantum
246 726 355 806 digitos
377 724 552 788 habentium
575 725 671 788 simila
694 725 834 804 quiddam
861 725 920 786 talo
947 724 1050 806 hahet,
1077 724 1124 785 leo

106 817 271 878 etiamnum
293 816 467 878 tortuositas
513 813 591 876 talus
614 821 715 877 atatem
737 823 839 878 rectus
866 822 914 876 est
939 815 971 878 in
999 812 1125 876 articulo

106 903 192 983 pedis
214 911 319 967 ventre
343 905 477 964 eminens
501 919 643 985 oonoaro,
665 905 697 964 in
720 902 858 964 vertebra
880 903 995 982 ligatus.

174 987 234 1056 47.
266 987 362 1076 (tot)
394 992 500 1056 tuum
530 992 603 1054 ame
630 992 785 1073 digitatao,
817 991 890 1054 aliae
922 991 1176 1072 palmipedeqose

65 1098 92 1140 aa
106 1081 179 1144 aliae
202 1084 281 1144 inter
304 1091 466 1162 utrumque
490 1082 591 1144 diuisis
614 1082 714 1161 digitis
737 1081 851 1142 adiecta
873 1080 1039 1144 latitudine
1072 1079 1124 1142 sed

106 1169 245 1232 omnibus
264 1173 402 1250 quaterni
418 1171 514 1251 digiti,
535 1178 599 1232 tras
617 1172 766 1250 inpriore
785 1177 881 1251 parte,
902 1188 981 1232 nnus
1000 1168 1124 1232 aeolos.

105 1259 155 1320 hio
183 1259 268 1321 deest
295 1259 472 1340 quibusdam
499 1259 586 1339 longa
614 1277 703 1322 crura
731 1258 919 1320 habentibus.
964 1261 1034 1338 iynx
1062 1257 1124 1320 sola

106 1350 258 1428 utrimque
281 1348 368 1410 hirtos
386 1349 484 1412 habet.
521 1349 625 1412 eadem
642 1349 775 1428 linguam
793 1350 978 1427 serpentium
998 1346 1125 1410 similem

106 1440 139 1498 in
167 1455 303 1516 magnam
331 1438 548 1518 longitudinem
575 1439 716 1520 porrigit,
749 1436 859 1498 collum
889 1437 1063 1514 circumagit
1087 1437 1124 1496 in

65 1543 92 1584 aa
107 1543 240 1588 auersam
258 1545 301 1588 se.
340 1545 457 1606 ungues
479 1529 508 1588 ei
529 1527 659 1606 grandes
679 1545 736 1588 oon
754 1526 891 1606 graculis.
928 1527 1026 1586 arium
1049 1525 1113 1604 qui·
1126 1529 1178 1581 tot

106 1614 233 1681 hiisdem
255 1616 440 1696 gravioribus
468 1618 502 1678 in
528 1615 667 1680 eruribus
695 1616 786 1678 additi
813 1615 902 1696 radii,
929 1614 1004 1676 nulli
1030 1631 1125 1676 amoos

106 1703 280 1768 habentium
302 1724 427 1786 ungues.
472 1705 645 1785 longipedes
672 1707 819 1785 porreot‘m
843 1704 878 1766 ad
910 1699 1039 1765 eatrdam'
1057 1719 1124 1763 oru-

106 1793 191 1856 ribns
213 1794 325 1876 rolant,
350 1794 463 1875 quibus
490 1793 611 1878 breves,
638 1796 801 1856 eontraotis
828 1794 865 1854 ad
887 1793 1027 1855 medium.
1073 1793 1125 1870 qui

106 1891 216 1963 negant
238 1884 390 1946 volucrem
417 1883 508 1946 ulam
535 1886 601 1944 sine
627 1882 755 1962 pedihus
782 1901 863 1963 esse,
891 1882 1068 1942 consumant
1095 1887 1126 1940 et

63 1990 92 2030 eo
106 1973 215 2052 apodas
231 1972 342 2034 habere
366 1981 397 2036 et
419 1991 495 2034 ooen
518 1979 549 2032 et
569 1972 724 2051 drepanio,
746 1989 822 2049 quae
846 1988 883 2030 ex
904 1969 951 2030 hia
975 1970 1125 2030 rarissime

107 2070 237 2140 apparet.

110 2191 114 2196 -
174 2148 260 2210 Visae
283 2151 342 2210 ioan
365 2157 396 2210 et
419 2151 576 2228 serpentes
598 2149 746 2208 anserinis
767 2145 903 2226 pedibus.

176 2231 235 2300 48.
260 2230 356 2321 (108)
389 2237 576 2298 luseotornm
605 2236 697 2315 pedes
726 2237 816 2314 primi
845 2233 995 2314 longiores
1025 2233 1178 2294 durosaoo

107 2325 286 2388 habentibus
310 2326 438 2408 aedos,
453 2333 488 2388 ut
511 2324 637 2388 subinde
659 2323 786 2405 pedibus
814 2341 866 2384 eos
893 2329 1042 2402 tergeant,
1071 2337 1126 2384 oeu

66 2433 93 2474 aa
107 2423 247 2477 notamus
266 2418 298 2476 in
315 2417 437 2482 muscis.
473 2432 549 2494 quae
568 2432 605 2475 ex
623 2413 670 2476 his
689 2415 865 2476 novissimos
884 2411 995 2472 habent
1012 2410 1126 2492 longos,

108 2504 226 2587 saliunt,
249 2513 283 2566 ut
305 2504 446 2566 locustae.
483 2503 622 2568 omnihus
645 2511 749 2565 autem
767 2501 814 2564 his
837 2503 903 2562 seni
924 2500 1026 2580 pedes.
1062 2517 1125 2560 ara·

107 2595 173 2654 nais
197 2592 374 2673 quibusdam
396 2593 549 2674 praelongi
568 2592 715 2654 accedunt
731 2591 805 2652 bini.
835 2589 1003 2652 internodia
1026 2590 1125 2668 singu·

106 2682 144 2742 lis
166 2690 261 2743 terna.
306 2688 430 2743 octonos
452 2689 484 2744 et
505 2682 627 2743 marinis
650 2699 715 2742 esse
739 2681 880 2761 dirimas,
901 2678 1031 2759 polypis,
1057 2695 1179 2754 sae-aus

107 2773 179 2854 piis,
201 2770 338 2853 lolligini,
361 2773 489 2853 canoris,
513 2771 565 2852 qui
586 2769 725 2832 bracchia
743 2771 774 2829 in
793 2769 976 2830 eontrarium
998 2773 1127 2844 movent,

179 2984 195 3033 9
210 2978 309 3034 auibus
322 2977 403 3032 nst*
414 2979 447 3034 io
459 2993 515 3038 aas.
589 2982 623 3033 ta
640 2977 708 3048 iynx
720 2977 860 3032 XdBnab.
884 2976 952 3046 lynx
962 2980 986 3027 lt
996 2974 1055 3031 edd.
1064 2979 1126 3030 aeti.

107 3048 167 3106 linx
184 3066 209 3104 e
238 3065 292 3105 eux
308 3054 340 3105 B.
421 3054 455 3105 to
474 3065 603 3106 artemam
620 3053 673 3104 nd.
701 3066 775 3104 -sum
792 3047 938 3104 aadBoe.
966 3061 1071 3100 aner...
1090 3048 1125 3100 1

107 3121 257 3176 aduersam
273 3125 305 3175 B.
334 3137 408 3176 sum
427 3121 557 3178 editam.
651 3127 684 3175 to
702 3119 832 3176 nonnulli
849 3119 887 3174 ι’.
974 3120 1008 3172 18
1026 3117 1126 3171 breues

106 3197 201 3246 nodo.
224 3192 311 3262 pedes
323 3197 348 3246 B
365 3193 427 3259 (aab
444 3193 526 3260 pam
543 3191 627 3248 baites
645 3193 711 3247 libai
724 3207 859 3261 paquara
875 3190 972 3244 odiose
987 3188 1126 3256 auripluo}

178 3269 213 3318 20
232 3265 262 3318 et
279 3279 350 3320 oeen
367 3264 534 3320 Reddenda
541 3263 697 3320 BorbGei.
726 3266 838 3318 -oemd
867 3262 968 3316 otoeen
980 3264 1011 3312 n.
1036 3259 1126 3338 teoto·

107 3350 168 3390 rem
186 3353 210 3390 a
247 3335 300 3402 afar
317 3351 379 3390 noo.
396 3336 451 3390 isc.
471 3349 501 3404 p.
517 3339 561 3390 94.
586 3336 591 3403 Ι
616 3333 762 3404 mepanim
780 3347 852 3402 quse
871 3347 907 3386 ex
924 3329 969 3384 his
987 3334 1018 3384 B.
1056 3343 1126 3382 mm

107 3405 203 3474 eisque
221 3413 252 3460 D.
284 3405 327 3461 ·ni
344 3405 376 3461 in
393 3405 434 3461 eia
452 3419 525 3474 quoe
543 3409 612 3460 adv.
702 3410 737 3460 29
755 3403 879 3474 lolligini
892 3402 921 3456 il.
954 3400 1048 3482 apibus
1066 3398 1126 3452 odd.

107 3482 171 3532 mue
184 3476 246 3533 Sili.
261 3477 335 3534 Det.
425 3482 504 3534 29*ae
515 3494 542 3547 p.
554 3482 619 3544 ild,
635 3483 649 3531 1
669 3477 785 3531 monent
802 3491 836 3529 eo
854 3471 953 3544 pedes,
971 3487 1002 3524 m
1020 3469 1126 3535 orbem,

23 3601 29 3612 ,
106 3546 185 3602 haud
203 3547 250 3618 (ed
261 3549 296 3616 B)
314 3547 346 3604 in
360 3547 488 3606 ¹ohlioum
505 3548 678 3605 annitendum
695 3548 805 3602 viduus
822 3540 984 3600 cellalaid.
1003 3540 1036 3594 da
1048 3542 1126 3607 aare

109 3635 156 3674 aa.
171 3621 248 3676 We
261 3635 293 3690 a.
304 3619 406 3687 osea,
416 3623 460 3675 34.
