2628 3950
188 125 226 172 v,
592 99 801 155 rainelmo

187 247 338 330 equibus
361 251 478 310 Plinius
507 268 561 310 sua
588 251 755 327 desumpsit
783 253 832 312 vel
861 252 913 328 qui
939 252 1047 311 iisdem
1073 251 1208 311 fontibus

186 342 235 401 usi
254 343 325 400 sunt
347 342 397 400 vel
420 341 472 416 qui
495 340 559 399 eius
582 339 677 402 libros
699 343 806 416 postea
829 341 1047 417 expilaverrmt,
1070 359 1208 416 perscru-

186 431 285 504 tabar,
309 448 343 489 eo
367 429 465 506 magis
488 428 625 488 intellexi
647 429 680 487 in
701 429 738 488 iis
756 431 948 507 potissimum
965 430 1062 504 libris,
1084 430 1117 488 in
1139 431 1209 506 qui-

186 520 244 579 bus
264 518 541 595 antiquissimorum
559 518 695 577 codicum
714 518 848 578 subsidia
865 519 952 579 nobis
971 519 1117 594 deessent,
1141 536 1208 578 con-

187 608 334 668 dicionem
356 607 401 666 rei
424 606 545 666 criticae
570 624 737 680 comesse,
764 609 800 666 ut
823 607 990 667 latissimus
1018 607 1208 668 coniecturae

164 767 168 774 ¹
187 715 309 773 campus
327 697 456 772 pateret.
493 697 584 772 atque
603 694 681 754 hunc
700 696 821 771 quidem
842 713 981 773 campum
1004 697 1084 755 inter
1107 713 1207 756 reeen-

187 786 280 845 tiores
308 784 517 844 Urlichsius
543 783 660 860 primus
688 785 720 844 et
749 785 824 843 dixit
850 785 946 844 libere
977 784 1209 862 ingrediendum

187 892 252 934 esse
267 875 299 933 et
312 874 377 950 ipse
390 871 521 933 feliciter
535 873 697 932 admodum
714 873 870 949 ingressus
889 876 948 950 est,
969 873 1077 933 Ianus
1096 875 1207 949 autem,

187 981 369 1039 quamquam
391 962 473 1020 illius
495 961 677 1038 procedendi
699 962 849 1022 rationem
870 981 932 1023 non
954 981 1081 1039 prorsus
1109 964 1208 1039 inpro-

186 1052 278 1126 bavit,
302 1054 406 1110 tamen
423 1069 484 1112 non
501 1050 607 1110 eadem
629 1050 733 1109 iudicii
751 1051 894 1110 libertate
918 1069 984 1111 eam
1008 1054 1129 1111 secutus
1152 1053 1208 1128 est,

186 1140 239 1200 sed
257 1140 393 1200 codicum
411 1139 549 1216 vestigiis
568 1138 682 1198 instare
700 1139 797 1198 tutius
816 1141 949 1217 putavit3
968 1139 1207 1200 Detlefsenus

186 1229 328 1306 denique,
359 1229 410 1305 qui
437 1228 474 1288 de
502 1227 711 1304 amplificando
739 1233 889 1305 apparatu
917 1229 1020 1288 critico
1050 1229 1206 1304 praeclare

186 1319 312 1377 meritus
336 1319 383 1376 est
405 1319 437 1376 et
459 1318 491 1375 in
513 1316 570 1376 hac
591 1319 686 1394 parte·
702 1319 802 1393 operis
825 1319 922 1378 critici
943 1319 1141 1394 praecipuam,
1163 1317 1206 1376 in-

186 1407 336 1465 dustriam
358 1407 529 1482 collocarit,
557 1407 648 1481 paulo
671 1406 798 1466 liberius
822 1408 960 1483 pluribus
984 1406 1057 1465 locis
1080 1406 1112 1465 et
1136 1422 1206 1464 suas

185 1497 218 1554 et
240 1495 369 1554 aliorum
391 1495 578 1554 coniecturas
602 1495 738 1570 admisit,
763 1496 816 1556 sed
838 1496 918 1555 idem
940 1494 1107 1570 permultos
1131 1494 1206 1554 alios

185 1584 278 1643 tacite
300 1585 429 1642 intactos
452 1583 588 1660 reliquit,
619 1602 692 1660 quos
720 1585 794 1660 quin
817 1584 902 1644 iritiis
930 1584 1113 1659 depravatos
1141 1601 1207 1642 esse

185 1673 337 1732 censuerit
358 1673 434 1730 mihi
456 1691 516 1732 non
539 1671 663 1732 dubium
686 1674 740 1732 est.
778 1691 868 1749 quam
891 1672 1071 1732 emendandi
1094 1673 1207 1731 cautio-

185 1780 255 1820 nem
274 1763 365 1838 etque
385 1761 478 1820 etiam
496 1761 693 1820 timiditatem
705 1760 787 1820 haud
806 1761 866 1820 scio
886 1779 925 1820 an
942 1763 1026 1820 recte
1044 1761 1208 1820 credideris
1311 1797 1312 1848 ,

185 1850 255 1909 inde
274 1853 373 1910 ortam
396 1867 470 1924 esse,
493 1851 582 1926 quod,
606 1869 674 1909 cum
697 1851 769 1910 olim
787 1849 904 1909 Plinius
927 1849 1094 1909 multorum
1112 1849 1206 1909 homi·
1311 1895 1312 1916 ,

185 1958 259 1997 num
281 1939 469 1998 eruditorum
491 1957 552 1998 non
574 1938 663 2000 modo
686 1939 892 2012 admiratione,
916 1957 1023 1998 verum
1046 1937 1138 1997 etiam
1161 1955 1206 1996 as-

187 2027 281 2088 siduis
301 2027 409 2087 studiis
428 2027 598 2088 celebratus
622 2028 671 2102 sit,
693 2046 773 2086 nunc
796 2028 861 2087 eius
885 2029 1055 2087 emendatio
1078 2044 1207 2102 perpau-
1310 2069 1311 2120 ,

186 2135 289 2176 corum
319 2117 495 2194 diligentiae
525 2116 700 2194 peragenda
727 2117 924 2194 relinquitur,
956 2117 1022 2193 qui,
1053 2133 1130 2198 quae
1160 2116 1207 2175 est
1310 2129 1311 2148 ³

185 2206 275 2266 hodie
289 2205 453 2265 difficultas
467 2206 561 2265 libros
575 2205 749 2281 publicandi
763 2205 905 2265 abstrusa
919 2205 1055 2266 doctrina
1069 2204 1206 2280 refertos,
1243 2206 1247 2215 '

185 2313 224 2352 ne
252 2295 310 2370 ipsi
337 2295 459 2371 quidem
481 2295 581 2354 omnia
608 2312 685 2370 quae
713 2295 875 2354 scrutando
903 2297 935 2354 et
962 2292 1134 2354 coniciendo
1163 2293 1206 2350 in-

185 2385 334 2442 venerunt
355 2384 388 2442 in
409 2384 541 2443 medium
558 2383 695 2459 proferre
714 2385 820 2443 solent.
853 2384 940 2442 certe
963 2383 989 2440 si
1010 2383 1113 2457 plures
1137 2399 1204 2439 oon-

187 2472 308 2531 sociatis
322 2473 438 2532 viribus
453 2471 551 2532 Plinio
571 2472 755 2532 emendando
775 2490 898 2547 operam
914 2461 1063 2530 navarent
1081 2471 1113 2528 et
1131 2467 1204 2528 haec

185 2560 288 2620 studia
305 2562 403 2637 magis
423 2560 659 2635 exardescerent,
682 2561 749 2636 ipsa
771 2560 992 2620 concertatione
1014 2558 1207 2635 ingeniorum

185 2649 281 2726 fieret,
299 2650 331 2708 id
345 2649 425 2726 quod
443 2650 475 2708 in
493 2649 562 2708 aliis
581 2650 778 2726 scriptoribus
797 2649 894 2725 magis
914 2648 1074 2708 celebratis
1092 2647 1208 2706 factum

186 2757 252 2798 esse
270 2739 416 2813 videmus,
434 2740 471 2796 ut
488 2738 619 2798 editores
638 2738 775 2814 deposita
793 2737 847 2796 illc
865 2737 1054 2813 verecundia,
1078 2754 1137 2812 qua
1156 2738 1205 2796 ab·
1274 2801 1278 2809 ,

187 2828 279 2887 surda
301 2827 376 2887 vitia
399 2827 552 2903 corrigere
575 2845 653 2886 nunc
681 2826 893 2903 prohibentur,
921 2826 982 2883 iam
1009 2825 1206 2884 confidentius

187 2918 284 2975 artem
304 2917 443 2975 criticam
466 2933 605 2975 exercere
628 2915 785 2975 auderent.
820 2915 924 2990 itaque
947 2933 1008 2974 non
1026 2913 1125 2974 solum
1143 2931 1206 2973 sae-

186 3006 255 3081 pius
283 3023 374 3082 quam
402 3005 518 3082 priores
549 3004 680 3064 editores
711 3004 841 3064 eliorum
865 3004 1020 3062 hominum
1051 2999 1208 3063 doctorum

186 3095 411 3154 emendationes
434 3093 655 3170 comprobavi(
668 3093 720 3153 sed
743 3093 837 3152 etiam
857 3093 923 3168 ipse
946 3092 1124 3154 coniecturis
1147 3109 1207 3150 non

186 3184 316 3260 peperci,
340 3201 468 3259 quarum
490 3184 558 3259 plus
583 3201 674 3259 quam
696 3183 829 3259 centum,
852 3181 924 3258 quie
946 3182 1068 3257 praeter
1090 3181 1206 3240 ceteras

187 3271 318 3348 quadem
347 3273 412 3332 veri
442 3272 540 3350 specie
570 3269 773 3331 commendari
802 3269 996 3346 videbantur,
1028 3269 1060 3328 in
1090 3267 1208 3328 textum
1270 3327 1275 3336 ,

187 3362 300 3437 recepi,
328 3361 423 3421 multo
446 3361 549 3436 plures
574 3361 676 3420 autem
697 3361 730 3419 in
752 3360 965 3419 commentario
988 3357 1092 3418 critico
1122 3355 1207 3415 dubi-

186 3450 290 3510 tanter
308 3450 459 3525 adnotavi,
482 3468 543 3509 non
561 3467 620 3526 quo
643 3469 750 3510 rerum
772 3450 945 3508 assecutum
967 3466 1014 3507 me
1038 3463 1103 3505 esse
1127 3445 1207 3504 arbi-

187 3541 300 3615 trarer,
332 3539 385 3598 sed
416 3539 485 3614 quia
516 3557 551 3598 eo
578 3538 667 3597 modo
696 3540 727 3597 et
754 3537 822 3597 vitii
849 3539 990 3596 naturam
1020 3536 1052 3594 ct
1082 3533 1207 3594 sanandi
