2624 3954
205 145 269 208 248
561 141 590 195 C.
609 140 708 195 PLINI
728 140 886 196 SECUNDI

206 295 302 355 exiis
326 309 402 373 quae
425 309 485 352 non
510 296 583 352 'srrnt
604 293 759 370 cornigera
781 293 813 350 in
836 293 992 371 superiore
1016 291 1131 352 maxilla
1158 296 1219 373 pri·
1304 313 1305 318 ¹

207 400 305 443 mores
336 398 396 441 non
426 379 523 440 hahet.
575 397 686 440 cornua
716 379 890 441 habentium
919 380 993 441 nulli
1024 384 1139 442 serrati.
1189 391 1221 444 et

205 471 322 532 cocleae
346 460 451 531 dentes
474 468 592 529 habent.
638 468 747 528 indicio
776 477 822 529 est
849 487 865 528 a
888 471 1019 530 minimis
1043 487 1146 530 earum
1169 471 1218 532 de·

153 567 203 616 165
214 578 282 620 rosa
299 561 382 619 ricla.
415 567 445 618 at
463 560 494 618 in
513 559 634 618 marinis
658 565 789 618 crustata
812 564 842 618 et
865 557 1054 637 cartilaginea
1072 561 1219 638 primores

205 647 328 729 habere,
355 650 426 708 item
451 646 564 707 echinis
593 647 700 724 quinos
725 663 793 706 esse
821 646 900 708 unde
928 646 1059 726 intellegi
1086 650 1246 726 potuerits

205 740 307 798 miror.
352 735 487 796 dentium
510 737 573 794 vice
598 733 718 794 aculeus
744 737 876 795 insectis.
923 737 1025 796 simiae
1053 736 1158 796 dentes
1184 745 1220 797 ut

205 825 326 886 homini.
374 824 530 904 elephanto
553 825 634 884 intus
662 823 699 883 ad
727 822 926 884 mandendum
953 832 1108 905 quattuor,
1135 842 1218 904 prae·

205 923 311 993 terque
341 931 393 974 eos
415 915 467 992 qui
489 914 660 992 prominent
687 910 826 972 masculis
854 912 970 993 reflexi,
998 912 1116 973 feminis
1143 915 1221 974 recti

206 1012 295 1081 atque
318 1005 414 1083 proni.
459 1001 614 1062 musculus
638 1002 779 1081 marinus,
803 1003 854 1079 qui
876 1000 1039 1061 ballaenam
1062 1002 1221 1083 antecedit,

205 1091 303 1152 nullos
317 1091 416 1171 habet,
437 1090 489 1150 sed
507 1107 562 1169 pro
582 1089 629 1150 hIs
648 1091 738 1150 saetis
756 1091 837 1150 intus
856 1107 890 1150 os
908 1090 1022 1150 hirtum
1040 1098 1070 1150 et
1088 1089 1220 1170 linguam
1236 1111 1263 1150 ro

207 1183 296 1241 etiam
319 1197 353 1240 ac
376 1179 515 1258 palatum.
553 1180 744 1239 terrestrium
766 1179 890 1239 minutis
909 1177 1142 1258 quadripedibus
1159 1181 1221 1258 pri-

209 1287 309 1329 mores
331 1268 394 1328 bini
417 1270 569 1345 utrimque
593 1267 766 1345 longissimi.

152 1364 204 1412 roo
272 1350 346 1440 (63)
380 1355 494 1416 Ceteris
522 1373 591 1415 curn
618 1357 692 1435 ipsis
719 1363 900 1436 nascuntur,
923 1355 1036 1416 homini
1062 1364 1223 1434 postquam

205 1451 361 1506 natusest
384 1445 510 1523 septimo
534 1461 645 1504 mense.
690 1442 813 1521 reliquis
836 1447 974 1524 perpetui
997 1451 1129 1518 manent,
1157 1463 1221 1504 mu-

207 1541 308 1594 tantur
330 1533 458 1613 homini,
480 1531 572 1612 leoni,
594 1534 741 1612 iumento,
765 1534 830 1592 cani
854 1541 884 1593 et
907 1532 1140 1614 ruminantibus,
1168 1533 1222 1593 sed
1238 1553 1265 1594 15

205 1623 285 1682 leoni
308 1630 339 1682 et
362 1623 427 1681 cani
450 1638 511 1680 non
534 1621 592 1680 nisi
615 1623 713 1680 canini
736 1620 882 1700 appellati.
927 1621 990 1701 lupi
1013 1620 1118 1682 dexter
1142 1623 1221 1682 eani-

206 1700 268 1771 nus'
286 1712 317 1771 in
341 1711 455 1788 magnis
477 1707 604 1769 habetur
627 1706 777 1788 operibus.
822 1707 1002 1792 maxillares,
1031 1712 1083 1789 qui
1111 1718 1222 1771 sunta

206 1801 333 1879 camah,
361 1797 476 1858 nullum
499 1797 605 1858 animal
628 1806 731 1858 mutat.
776 1797 889 1859 homini
912 1801 1065 1859 novissimi
1092 1801 1144 1878 qui
1170 1817 1220 1877 ge-

206 1889 291 1948 nuini
308 1895 453 1947 vocantur
471 1888 591 1947 circiter
609 1888 804 1947 vicensimum
823 1905 933 1947 annum
951 1889 1122 1968 gignuntur,
1143 1887 1218 1946 mul-

206 1978 245 2037 tis
263 1984 294 2036 et
313 1977 525 2056 octogensimo,
547 1975 666 2036 feminis
686 1993 819 2057 quoque,
842 1975 894 2036 sed
914 1974 1023 2054 quibus
1046 1979 1078 2036 in
1101 1978 1219 2036 iuventa
1234 1995 1267 2036 so

153 2072 204 2121 161
215 2083 276 2125 non
290 2066 374 2126 fuere
389 2066 459 2125 nati.
487 2063 625 2124 decidere
644 2066 675 2124 in
694 2071 815 2124 senecta
833 2071 864 2125 et
881 2082 951 2124 mox
968 2067 1086 2126 renasci
1105 2072 1221 2125 certum

207 2162 260 2214 est.
306 2151 414 2213 Zoclen
444 2152 681 2234 Samothracem,
714 2155 763 2213 cui
790 2155 886 2213 renati
916 2162 1018 2215 essent
1046 2162 1114 2232 post
1142 2165 1222 2214 01111

207 2260 313 2324 annos,
340 2241 525 2302 Mucianus
548 2243 643 2320 visum
672 2259 688 2300 a
717 2260 748 2323 se
776 2235 915 2321 prodidit.
961 2251 1061 2303 cetero
1089 2241 1223 2303 maribus

205 2331 307 2410 plures
340 2347 430 2410 quam
461 2331 579 2390 feminis
611 2331 642 2390 in
678 2329 814 2410 homine,
842 2330 981 2414 pecude,
1018 2347 1121 2411 capra,
1159 2349 1222 2392 sue.

206 2418 382 2479 Timarchus
405 2417 534 2480 Nicochs
557 2417 635 2478 filius
658 2417 751 2497 Paphi
779 2418 854 2478 duos
882 2419 1002 2480 ordines
1029 2419 1133 2480 habuit
1161 2438 1222 2480 ma·
1238 2439 1267 2479 aa

205 2507 366 2588 xillarium3
389 2507 482 2567 lrater
505 2510 570 2568 eius
593 2525 653 2566 non
679 2509 804 2567 mutavit
821 2508 969 2586 primores
991 2508 1118 2587 ideoque
1137 2527 1223 2587 prae-

207 2597 297 2656 trivit.
343 2603 389 2656 est
416 2595 583 2674 exemplum
611 2596 709 2655 dentis
736 2595 849 2656 homini
881 2605 911 2656 et
938 2597 969 2656 in
996 2597 1092 2676 palato
1121 2599 1224 2675 geniti.

278 2837 460 2892 lmaxillam
477 2843 529 2890 Da.
617 2843 667 2890 1.2
687 2836 795 2906 priores
814 2843 872 2892 BR.
899 2837 959 2908 pio·
978 2837 1016 2893 «1⁹.
1044 2855 1093 2907 po·
1112 2838 1149 2894 (1¹.

206 2908 348 2962 2habent
365 2913 444 2962 mid.
526 2907 721 2962 3aminimis
739 2924 763 2961 o.
791 2910 851 2962 tam
868 2908 898 2962 in
916 2908 1016 2964 animis
1035 2908 1063 2962 ll.
1146 2910 1226 2964 iui-

206 2979 250 3034 cia
263 2977 307 3032 21.
326 2978 398 3034 uitia
412 2979 448 3034 α’.
473 2980 520 3032 -iis
533 2995 558 3032 o.
577 2979 653 3033 uicta
666 2996 689 3033 r.
706 2982 710 3048 Ι
727 2979 911 3049 cartilaginea
925 2983 969 3035 do.
989 2995 1038 3033 -ua
1051 2981 1079 3034 11.
1096 2981 1100 3048 Ι
1116 2979 1226 3049 primos

203 3057 257 3104 Da.
337 3050 487 3105 haculeus
504 3049 548 3104 12².
578 3052 616 3104 -ei
634 3067 678 3106 ro.
762 3056 835 3106 ian
853 3050 983 3120 quaterni
1000 3051 1030 3104 in
1048 3052 1128 3120 parte
1146 3053 1227 3106 nitar
1308 3023 1310 3110 l

205 3119 283 3189 que?
316 3121 366 3187 cfr.
380 3121 468 3176 Arist.
487 3123 512 3175 h.
532 3139 558 3176 o.
577 3124 612 3173 ΙΙ
622 3125 639 3176 5
657 3121 719 3175 tuit.
817 3126 871 3176 18
890 3123 1003 3191 praeter
1022 3125 1046 3175 d.
1137 3123 1228 3191 8qui

205 3209 256 3246 oro.
275 3199 326 3248 Da.
414 3192 591 3246 amusoulus
609 3193 674 3246 illo.
707 3209 796 3246 maso·
815 3210 838 3246 r.
926 3198 959 3246 10
977 3193 1084 3248 habent
1101 3192 1196 3247 Dm.
1221 3195 1226 3266 Ι

205 3265 286 3317 entus
304 3270 356 3317 Da.
412 3269 444 3316 11
465 3263 639 3334 appellatum
657 3269 708 3318 Do.
737 3263 809 3318 -ham
826 3263 1052 3318 deddctnteGel.
1070 3265 1074 3331 1
1089 3263 1119 3316 in
1135 3265 1229 3320 multis

204 3340 256 3390 Da.
330 3341 363 3389 13
382 3334 451 3404 ipsis
469 3351 493 3388 o.
523 3335 558 3388 -si
572 3335 600 3388 ll.
675 3339 707 3388 15
728 3334 932 3389 summanhibus
946 3341 997 3388 Ita.
1071 3340 1105 3388 22
1125 3333 1229 3392 Samo·
1309 3359 1310 3380 r

204 3405 332 3458 thracem
345 3405 419 3460 Detl.
447 3422 511 3461 cen
524 3406 593 3458 rw.
622 3406 696 3459 -ceni
716 3407 941 3475 (·ir-1ta)1tBa.
970 3422 1082 3461 -cenum
1099 3405 1159 3462 d²o.

205 3480 443 3531 2402121112.
476 3493 517 3531 —rc
535 3482 592 3532 1111.
627 3477 662 3529 ·ri
680 3494 704 3530 a.
738 3477 787 3530 -ris
807 3477 986 3532 Pintfltrrd.
1007 3475 1143 3546 (caprisve
1163 3479 1230 3534 edd.

205 3551 268 3600 octe
313 3548 384 3615 ard.)
465 3553 507 3603 25.
523 3553 557 3604 26
580 3546 770 3602 maxillarium
788 3549 955 3603 lieddoett.
983 3567 1057 3602 ·rum
1074 3548 1230 3606 redBaa.

276 3621 319 3671 26.
329 3623 363 3671 21
381 3619 529 3686 praetriuit
545 3624 572 3671 11
582 3619 641 3673 edd.
651 3617 709 3674 Gal.
738 3619 846 3675 -heriuit
862 3620 946 3675 redd.
956 3625 1020 3676 aab
1027 3619 1114 3674 Borb.
