2628 3950
496 133 703 188 PRAEFATIO
1055 153 1104 200 xv

83 290 180 362 tabat,
203 289 235 346 in
253 287 358 364 plures
383 289 414 344 et
436 285 571 346 minores
595 285 698 360 partes
722 281 818 341 divisi.
856 282 935 359 quod
953 286 989 341 ut
1005 283 1106 359 legen·

84 379 163 436 tium
185 374 335 438 commodi
357 391 449 433 causa
471 373 542 446 feci,
570 373 615 430 ita
637 371 742 431 eodem
764 371 889 432 consilio
917 373 1105 430 auctorum

84 485 104 525 a
122 465 220 524 Plinio
244 464 360 540 passim
383 463 548 522 allatorum
569 461 716 519 nomina
736 461 819 536 typis
837 461 930 520 latins
948 459 1105 536 dispositis

84 552 283 614 describenda
310 551 428 624 curavi,
459 570 518 628 quo
541 549 660 608 facilius
689 548 804 624 siquis
833 551 992 624 quaereret
1019 549 1105 608 oculo

83 643 213 720 paginas
236 641 383 701 velociter
405 645 586 716 percurrens
609 637 745 698 invenire
767 641 881 714 posset.
918 638 950 696 in
973 637 1106 714 singulo-

83 751 153 790 rum
184 730 410 790 enuntiatorum
442 727 591 804 principio
623 727 775 786 constanti
810 745 869 786 usu
900 725 1011 802 ubique
1043 726 1105 785 mi-

83 820 258 879 nusculas
280 818 434 880 litteras
457 817 546 892 posui
573 819 679 874 contra
705 833 796 891 quam
818 815 909 875 Ianus
937 818 969 874 et
991 814 1106 873 Detlef-

85 925 184 981 senus,
210 907 262 984 qui
284 905 455 982 promiscue
478 903 661 962 maiusculas
684 921 802 979 quoque
825 904 1023 977 admiserunt,
1047 922 1108 978 qua

84 1017 118 1056 re
137 997 164 1056 si
181 997 262 1056 forte
280 994 430 1070 putabant
447 985 494 1072 (id
512 991 592 1067 quod
610 987 725 1068 nescio)
745 993 934 1069 singulorum
953 995 1105 1068 excerpto-

84 1105 155 1144 rum
172 1084 386 1144 commissuras
410 1085 441 1142 et
464 1075 579 1140 ‘rerum
602 1084 633 1138 et
651 1079 849 1140 historiarum
872 1085 903 1140 et
921 1081 1106 1140 observatio·

84 1167 169 1233 num'
197 1190 339 1231 numeros
368 1175 439 1246 apte
466 1169 609 1245 indicari,
638 1185 717 1245 nego
745 1169 838 1228 Plinii
867 1170 962 1228 libros
990 1169 1022 1228 in
1050 1169 1106 1228 illa

85 1257 212 1338 ‘viginti
240 1261 325 1318 milia
354 1277 456 1318 rerum
485 1259 648 1334 dignarum
676 1251 765 1317 cura'
803 1250 849 1338 (u.
873 1257 967 1334 praef.
997 1255 1016 1332 ξ
1043 1249 1105 1338 17)
1170 1269 1171 1274 ’

84 1349 285 1428 probabiliter
304 1347 401 1407 dissui
423 1366 442 1406 a
463 1347 551 1407 nobis
570 1363 667 1422 posse,
689 1348 750 1407 nisi
768 1347 876 1406 melius
895 1364 986 1422 quam
1009 1345 1106 1405 adhuc

84 1440 278 1515 perspectum
314 1437 376 1496 erit
403 1454 462 1511 qua
492 1435 610 1495 ratione
639 1435 756 1495 Plinius
789 1437 822 1494 in
853 1435 1027 1496 auctoribus
1057 1453 1106 1494 ex-

85 1525 242 1602 cerpendis
269 1544 343 1586 usus
371 1525 420 1584 sit.
469 1527 551 1584 certe
580 1541 657 1599 quae
687 1543 723 1584 ex
750 1524 916 1585 Aristotele
946 1525 1107 1599 desumpta

86 1633 145 1691 ego
168 1614 268 1674 inveni
296 1645 338 1656 -
366 1630 518 1690 perpauca
541 1616 643 1672 autem
671 1615 746 1689 puto
772 1632 822 1672 me
843 1613 1038 1689 praeteriisse
1062 1643 1105 1654 -

86 1707 119 1762 et
137 1703 176 1762 ad
195 1701 423 1762 similitudinem
441 1701 696 1762 Mommsenianae
715 1702 811 1763 Solini
829 1701 969 1761 editionis
988 1703 1021 1760 in
1038 1719 1105 1762 meo

86 1791 252 1867 exemplari
274 1789 405 1849 Pliniani
426 1792 529 1850 textus
551 1791 684 1868 margini
707 1791 867 1867 adscripsi,
898 1807 935 1849 ea
956 1791 1001 1850 ita
1028 1809 1106 1849 com-

85 1883 196 1955 parata
215 1881 295 1953 sunt,
318 1879 456 1938 utnulla
477 1879 547 1938 iude
569 1881 722 1955 pertineat
744 1879 963 1939 commendatio
982 1879 1021 1938 ad
1039 1879 1106 1938 Iani

85 1969 172 2027 illam
194 1968 227 2026 in
249 1961 425 2026 maiusculis
449 1966 629 2028 adhibendis
653 1968 908 2028 consuetudinem.
945 1968 977 2026 in
999 1968 1105 2028 verbo-

86 2075 156 2114 rum
170 2055 364 2116 distinctione
379 2056 443 2116 sive
461 2055 763 2132 interpunctione
781 2056 1021 2116 administranda
1035 2060 1105 2115 ante

87 2144 189 2204 omnia
221 2144 252 2202 id
284 2145 334 2222 egi
365 2146 401 2202 ut
432 2144 644 2220 perspicuitati
676 2145 864 2204 considerem
895 2146 927 2202 et
959 2144 1105 2204 orationis

88 2233 274 2292 structuram
292 2232 422 2307 quodam
439 2233 528 2294 modo
547 2233 747 2309 explanarem,
770 2233 801 2290 id
819 2232 899 2308 quod
916 2233 949 2290 in
967 2233 1106 2292 Pliniana

87 2321 257 2380 elocutione
280 2337 371 2396 saepe
392 2321 446 2380 illa
464 2321 586 2398 quidem
604 2322 749 2398 impedita
772 2326 803 2380 et
821 2322 959 2380 contorta
976 2322 1026 2382 vel
1044 2339 1106 2380 ma

86 2409 166 2468 xime
195 2409 399 2470 necessarium
427 2414 484 2470 est.
537 2412 640 2486 itaque
669 2428 706 2470 ne
737 2411 957 2470 inconstantiae
985 2410 1107 2486 quidem

87 2497 244 2557 cuiusdam
272 2497 527 2574 vituperationem
557 2499 677 2576 fugiens
706 2500 738 2558 in
767 2501 852 2558 textu
882 2517 901 2558 a
929 2498 1003 2559 Iano
1034 2499 1107 2559 olim

87 2585 230 2646 distincto
248 2589 399 2648 commem
415 2587 504 2648 modo
522 2588 619 2665 posui,
639 2588 730 2648 ¹modo
749 2588 855 2665 delevi,
879 2589 965 2647 colon
988 2605 1106 2666 quoque

16 2701 17 2708 κ
87 2675 208 2748 saepius
223 2675 331 2736 admisi
344 2694 441 2752 neque
456 2678 604 2751 semicolo,
618 2677 698 2753 quod
711 2676 802 2736 Ianus
816 2676 936 2736 omnino
951 2677 1106 2751 reiecerat,

87 2761 231 2836 abstinui,
254 2763 308 2822 nbi
330 2765 447 2823 minuta
468 2766 614 2825 orationis
636 2765 780 2842 membra,
803 2783 880 2840 quae
902 2765 1016 2825 artiore
1040 2784 1105 2825 sen·

87 2851 254 2910 tentiarum
276 2851 395 2912 vinculo
419 2854 621 2929 continentur,
644 2873 705 2914 una
726 2853 890 2913 verborum
912 2855 1105 2930 comprehen-

89 2939 173 2998 sione
196 2940 379 3000 oonectenda
401 2945 496 3000 erant.

155 3027 240 3088 Idem
272 3029 429 3090 consilium
462 3033 583 3090 secutus
619 3049 686 3092 sum
718 3032 751 3090 in
785 3032 876 3092 rebus
909 3032 1105 3108 orthogra-

88 3116 220 3193 phicis,
240 3134 317 3191 quae
335 3118 474 3178 omnibus
492 3119 544 3194 'qui
562 3117 740 3179 Latinorum
759 3119 940 3196 scriptorum
958 3120 1105 3180 editiones

88 3205 178 3264 hodie
198 3199 316 3265 faciunt
337 3206 462 3282 negotia
481 3207 631 3267 facessere
654 3209 760 3268 solent.
807 3211 878 3268 sunt
901 3209 953 3285 qui
975 3209 1105 3285 aequali-

89 3294 162 3354 tatis
187 3293 315 3355 studiosi
333 3295 434 3354 omnia
451 3296 545 3356 verba
562 3297 783 3373 verborumque
800 3298 923 3375 formas²
947 3300 1105 3374 quantum·

89 3381 135 3440 vis
154 3382 289 3442 codicum
307 3401 397 3460 saepe
415 3387 565 3461 repugnet
584 3386 757 3461 auctoritas,
776 3387 815 3445 ad
832 3403 924 3445 unam
942 3388 1105 3445 etcertum

88 3469 238 3530 rationem
255 3473 422 3550 corrigant,
446 3490 536 3549 quam
554 3493 572 3533 a
591 3475 737 3552 scriptore
755 3475 821 3550 ipsc
845 3475 894 3534 vel
917 3474 955 3534 ab
978 3475 1105 3533 homini·

88 3555 146 3616 bus
169 3558 251 3619 illius
273 3562 386 3622 sacculi
412 3564 585 3624 constanter
611 3562 779 3624 adhibitam
806 3580 871 3622 esse
899 3563 958 3622 sihi
983 3580 1104 3637 persua·
1136 3553 1137 3558 ¹
