2620 3948
355 163 439 218 ΝΑΤ.
458 162 550 217 HIST.
570 163 609 216 lx
627 170 697 218 e-o
717 166 807 234 (aa)
1025 165 1087 228 115

76 320 143 372 tano
167 329 277 372 oceano
305 315 454 372 marinum
476 311 627 372 hominem
650 320 712 372 toto
737 331 861 393 corpore
890 313 1024 376 absoluta
1047 317 1085 374 si-

75 400 249 462 militudine.
296 401 455 460 ascendere
484 419 552 462 eum
576 403 690 479 navigia
717 407 872 463 nocturnis
900 403 1084 507 temporibus

76 491 233 568 statimque
263 489 415 568 degravari
448 508 521 568 quas
548 490 692 550 insederit
717 500 817 595 partes
846 499 887 572 et,
920 494 946 551 si
973 492 1084 552 diutius

75 587 254 684 permaneat,
278 581 366 638 etiam
389 581 491 656 mergi.
537 577 656 639 Tiberio
679 581 813 658 principe
841 588 944 641 eontra
967 579 1084 660 Lugdu-

18 653 181 726 suensis'
199 669 367 746 provinciae
395 665 501 727 litus'
493 685 524 726 111
546 667 642 727 insula
665 667 752 728 Rimu
784 676 936 730 trecentas
960 669 1085 748 amplius

74 755 177 816 beluas
204 757 414 835 reciprocans,
422 756 557 816 destituit
589 775 718 818 oceanus
750 759 842 818 mirae
875 760 1025 819 varietatis
1055 767 1085 819 et

74 845 299 926 magnitudinis,
328 863 383 905 uec
407 848 563 924 pauciores
589 848 621 905 iu
645 845 809 906 Santonum
832 845 919 907 litore
946 849 1084 924 interque

74 933 204 1012 reliquas
228 933 399 1013 elephantos
423 942 453 995 et
471 936 580 994 arietes
598 934 725 994 candore
740 941 855 995 tantum
872 935 1013 996 cornibus
1037 936 1084 995 ad·

74 1022 228 1104 simulatis,
250 1021 393 1085 Nereidas
412 1042 482 1085 vero
505 1023 622 1085 multas.
658 1023 857 1086 Turranius
881 1024 1011 1105 prodidit
1034 1043 1082 1086 ex·
1103 1037 1135 1086 11

37 1128 60 1167 10
73 1111 188 1191 pulsam
212 1110 329 1173 beluam
351 1115 382 1173 in
397 1113 540 1174 Gaditano
558 1113 645 1174 litore
669 1115 755 1174 cuius
777 1115 857 1174 iuter
880 1113 953 1174 duas
972 1132 1085 1193 pennas

73 1201 194 1262 ultimae
224 1202 332 1262 caudae
361 1201 460 1263 cubita
488 1204 619 1264 sedecim
647 1203 786 1284 luissent,
819 1203 923 1262 dentes
952 1202 1086 1263 eiusdem

74 1303 159 1372 cxx,
190 1292 309 1351 maximi
339 1291 527 1352 dodrantium
561 1309 713 1373 mensura,
745 1293 859 1351 minimi
892 1291 1085 1371 semipedum

73 1377 178 1438 belnae
198 1398 247 1439 cur
238 1379 415 1440 dicebatur
434 1383 569 1460 exposit
537 1380 673 1441 talnisse
688 1381 874 1440 Andromeda
893 1398 960 1440 ossa
975 1379 1084 1440 Romae

74 1475 226 1546 apportata
256 1487 291 1528 ex
319 1447 426 1548 ofipido
454 1468 578 1538 Iudaeae
605 1468 675 1549 Iope
709 1468 838 1530 ostendit
864 1471 944 1529 inter
971 1469 1085 1548 reliqua

38 1570 60 1608 15
73 1556 251 1616 miracula
243 1575 274 1616 m
298 1557 445 1618 aedilitate
474 1577 527 1619 sua
549 1557 585 1618 M
611 1557 741 1618 Scaurus
768 1557 952 1636 longitudine
975 1557 1085 1660 pedum

73 1659 128 1726 ιιι,
153 1645 307 1706 altitudine
332 1654 481 1707 costarum
500 1647 617 1707 Indicos
636 1646 808 1726 elephantos
831 1647 1002 1728 excedente,
1026 1647 1083 1724 spi·

73 1751 125 1792 uae
152 1734 347 1795 crassitudine
372 1736 578 1814 sesquipedali.

139 1817 175 1884 6.
201 1817 251 1906 (5)
284 1821 437 1884 Ballaenae
470 1833 500 1884 et
527 1826 558 1884 in
585 1833 687 1884 nostra
714 1827 806 1884 maria
832 1832 999 1904 penetrant.
1054 1825 1085 1882 in
1105 1836 1138 1899 12

74 1909 216 1971 Gaditano
240 1929 350 1972 oceano
378 1931 438 1972 non
463 1920 530 1973 ante
558 1912 694 1973 brumam
718 1913 849 1991 conspici
878 1930 927 1972 eas
954 1910 1085 1992 tradunt,

38 2000 161 2060 recondi
186 2007 284 2060 autem
309 2003 392 2062 statis
415 2000 600 2080 temporibus
623 2003 654 2061 in
677 2001 805 2079 quodam
827 2002 895 2060 sinu
917 1999 1032 2080 placido
1056 1999 1088 2059 et

75 2090 175 2166 capaci
189 2090 264 2148 mire
279 2089 442 2168 gaudentes
456 2088 497 2149 ibi
510 2107 625 2168 parere.
657 2087 714 2148 hoc
733 2091 809 2148 scire
827 2107 925 2170 orcas,
948 2089 1085 2148 infestam

74 2176 118 2236 his
141 2175 261 2237 beluam
284 2186 314 2238 et
337 2180 423 2238 cuius
442 2179 537 2256 imago
561 2178 641 2238 nulla
664 2178 936 2256 repraesentatione
960 2177 1086 2255 exprimi

73 2267 168 2343 possit
203 2266 258 2325 alia
291 2284 378 2346 quam
407 2269 504 2326 earnis
536 2268 687 2327 inmensae
725 2264 863 2326 dentibus
890 2265 1085 2325 truculentae.

74 2355 249 2432 inrumpunt
273 2373 344 2434 ergo
367 2344 537 2417 in'secreta
561 2374 594 2416 ac
617 2354 723 2438 vitulos
747 2371 849 2414 earum
873 2362 924 2414 aut
942 2354 1017 2414 letas
1040 2352 1085 2412 vel
1105 2367 1140 2416 13

40 2455 61 2494 2⁵
75 2445 237 2503 etiamnum
255 2444 389 2522 gravidas
408 2444 557 2505 lancinant
575 2463 686 2524 morsu,
709 2435 892 2521 incursuque
912 2461 968 2502 eeu
981 2441 1085 2502 Libur-

74 2533 208 2592 nicarum
226 2534 333 2593 rostris
356 2532 481 2594 fodiunt.
518 2533 583 2592 illae
603 2533 639 2593 ad
659 2531 769 2592 flexum
792 2529 957 2613 inmobiles,
980 2531 1014 2590 ad
1037 2549 1084 2590 re-

74 2619 265 2698 pugnandum
288 2623 400 2682 inertes
424 2629 454 2683 et
476 2622 608 2701 pondere
623 2639 678 2682 suo
701 2628 848 2701 oneratae,
870 2628 942 2680 trine
967 2619 1086 2698 quidem

76 2715 103 2767 et
125 2717 213 2768 utero
237 2727 341 2787 graves
368 2710 539 2789 pariendive
566 2712 670 2789 poenis
700 2708 857 2790 invalidae,
886 2707 981 2769 solum
1005 2709 1085 2768 auxi-

75 2795 144 2856 lium
159 2815 269 2857 irovere
283 2799 315 2858 iu
329 2797 421 2860 altum
438 2800 599 2878 prolugere
620 2807 649 2860 et
663 2817 695 2859 se
709 2804 773 2866 toto
787 2797 952 2857 diliundere
965 2815 1085 2856 oceano.

24 2894 64 2964 ¹³⁰
77 2893 177 2945 eontra
201 2904 288 2946 orcae
312 2905 472 2948 occurrere
495 2886 631 2948 laborant
658 2905 783 2964 seseque
807 2904 957 2966 opponere
986 2893 1016 2946 et
1039 2903 1085 2944 ca-

76 2981 170 3034 veatas
194 2978 339 3053 augustiis
363 2976 523 3058 trucidare,
536 2979 577 3036 in
595 2975 668 3036 vada
690 2993 830 3056 urguere,
853 2976 931 3034 saxis
952 2973 1085 3034 inlidere.

76 3091 284 3104 w>-...-—-a-——-

144 3150 244 3199 teum
261 3145 329 3200 Dal.
358 3161 421 3200 eum
440 3147 468 3202 ll.
537 3147 601 3201 bin
619 3152 650 3202 u.
669 3163 719 3203 om.
737 3163 760 3200 r.
777 3147 782 3215 Ι
798 3144 871 3198 rimu
888 3149 919 3198 u.
942 3143 1012 3196 rime
1030 3148 1086 3197 Μ’.

78 3230 155 3268 mmu
173 3221 218 3269 nd.
247 3216 331 3270 simul
349 3216 415 3272 Dal.
432 3218 592 3286 ltreoentas
610 3235 634 3272 o.
665 3220 719 3272 tes
738 3217 766 3272 ll.
812 3215 969 3284 81eliquos
987 3218 1086 3268 oran.

145 3292 179 3340 10
197 3287 331 3358 gaditano
345 3287 427 3342 litore
441 3288 486 3342 12²
512 3305 579 3344 -nna
591 3305 635 3344 ra
648 3306 692 3344 ro
752 3285 990 3342 aoestatisiua'.
1014 3287 1087 3339 uest-

78 3354 138 3410 l'ld.
174 3357 223 3424 cfr
247 3375 307 3413 noc.
327 3361 379 3414 luc.
399 3364 511 3428 p.101
584 3366 619 3416 24
641 3359 714 3414 fetus
737 3363 789 3412 Ite.
862 3357 1086 3439 concursuque

79 3425 515 3499 a.¹‹1-sequeua²-.saequer
567 3437 600 3487 26
619 3431 716 3485 rostris
734 3429 792 3484 n²o
817 3445 915 3483 ι-οεν
935 3427 996 3482 Sttt
1015 3426 1085 3480 corti

79 3498 172 3553 rostro
244 3506 278 3555 29
296 3503 356 3556 tote
374 3501 419 3556 12¹
442 3503 502 3556 tute
520 3501 565 3556 12².
595 3505 599 3571 Ι
633 3501 829 3556 diffunderet
857 3497 1006 3554 defendere
1024 3496 1085 3550 clo

80 3564 190 3622 defend·
210 3588 241 3625 r
265 3573 315 3639 cfr.
335 3588 396 3626 noo.
416 3573 514 3650 ἷκε-..ιι
534 3578 579 3628 86.
684 3578 719 3627 30
738 3573 868 3626 caveatas
885 3575 917 3624 n.
950 3569 1041 3621 -vatas
1060 3585 1084 3618 a
1241 3583 1244 3590 ⁴

79 3634 242 3696 incantent
271 3645 425 3698 curetasr
1163 3658 1166 3664 ¹

889 3725 926 3780 g*
