2606 3952
192 133 257 199 366
536 132 685 188 o.-1³mm
704 131 863 188 suanum

189 285 426 366 cecaumenitae‚
453 281 599 364 Petrina,
625 280 769 362 Myconio.
815 299 885 344 nam
911 280 1075 363 Mesogiten
1104 287 1210 366 capitis
1287 279 1288 362 l

191 372 310 434 dolores
327 374 425 434 lacere
445 379 632 451 compertum
651 379 706 453 est,
729 389 784 433 nec
802 369 967 451 Ephesium
990 372 1109 434 salubre
1134 393 1211 457 esse,

191 463 331 542 quoniam
361 462 446 543 mari
465 467 497 520 et
526 459 646 521 delruto
676 459 842 522 condiatur,
893 461 1077 540 Apameuum
1111 463 1210 526 mulso
1287 499 1288 552 p

190 552 351 631 praecipue
381 548 541 610 eon'venire
573 549 696 631 dicitur,
728 552 807 611 sicut
835 548 1024 612 Praetutium
1054 553 1086 612 in
1104 551 1209 614 ltalia.
1287 559 1288 616 l

190 648 237 700 est
255 641 335 701 enim
354 638 475 700 ethaeo
498 639 667 718 proprietas
690 656 843 718 generum.
880 637 978 701 dulcia
1001 643 1106 720 utique
1129 643 1236 704 intere

138 736 171 785 'tt
190 747 222 790 se
256 745 315 789 nou
349 733 527 806 congruunt.
573 727 700 790 exolevit
727 735 757 788 et
783 729 954 811 protagion,
986 729 1067 808 quod
1099 729 1210 792 ltalicis

188 820 359 898 proximum
381 817 515 878 lecerunt
536 816 763 897 Asclepiadis
792 816 919 878 scholae.
940 853 941 858 κ
964 817 1210 899 Apollodorus

189 906 324 968 medicus
341 908 373 967 in
391 904 541 966 volumine
565 922 624 985 quo
649 907 742 966 suasit
759 904 930 968 Ptolemaeo
953 909 1018 986 regi
1041 925 1118 987 quae
1141 910 1210 971 rina

189 994 306 1057 biberet
324 993 433 1056 ltaliois
452 996 542 1056 etiain
560 1003 625 1056 tum
643 995 753 1074 ignotb
771 994 901 1056 laudavit
918 997 949 1056 in
968 995 1064 1058 Ponto
1078 995 1208 1078 Nasper-

189 1086 317 1166 cannen,
335 1101 404 1144 mox
423 1081 586 1165 Oreticum,
605 1082 766 1166 Oenonen,
784 1082 975 1167 Leucadium,
997 1084 1208 1148 Ambracioten
1223 1101 1247 1141 1⁰

189 1182 219 1235 et
243 1172 322 1252 quod
346 1174 463 1234 cuncus
484 1171 626 1253 praetulit
643 1171 865 1255 Peparethum,
887 1174 940 1235 sed
963 1177 1088 1241 minoris
1113 1177 1208 1236 lamae

190 1279 256 1324 esse
280 1261 363 1343 dixit,
386 1263 526 1341 quoniam
550 1269 622 1322 ante
642 1275 694 1322 sex
717 1278 811 1324 annos
834 1279 895 1322 non
917 1261 1058 1342 placeret.

126 1351 170 1408 *tt
259 1345 292 1412 8.
329 1343 404 1433 (10)
440 1349 591 1412 Hactenus
624 1349 741 1412 bonitas
773 1352 834 1412 vini
866 1351 1037 1413 nationibus
1070 1351 1208 1416 debetur.

188 1439 266 1520 apud
281 1438 410 1500 Graecos
429 1457 502 1502 eura
520 1439 718 1514 clarissimum
736 1454 849 1501 nomeu
864 1442 988 1522 accepit,
1007 1441 1087 1521 quod
1104 1443 1208 1523 'appel-

187 1529 324 1590 laverunt
346 1527 430 1610 bion,
453 1528 489 1588 ad
511 1528 657 1608 plurimos
680 1528 877 1600 valitudinum
899 1547 974 1591 usus
997 1533 1210 1615 excogitatum,
1223 1546 1246 1586 rs

144 1603 222 1697 ²5³3’ut
245 1615 418 1679 docebimus
441 1619 472 1677 in
499 1625 584 1698 parte
612 1617 785 1680 medicinae.
831 1618 865 1680 tit
892 1627 992 1680 auum
1019 1619 1077 1680 boc
1104 1621 1211 1684 modo:

187 1723 261 1768 uvae
288 1705 410 1786 paulum
442 1712 510 1775 aute
537 1707 739 1768 maturitatem
771 1706 929 1788 decerptae
961 1709 1113 1770 siccantur
1146 1713 1210 1771 acri

188 1794 264 1876 sole,
292 1802 339 1857 ter
362 1794 410 1855 die
433 1803 567 1859 versatae
590 1813 645 1876 per
672 1795 819 1877 triduum,
852 1803 959 1876 quarto
987 1800 1210 1883 exprimuntur,

135 1890 168 1941 '18
188 1883 257 1944 dein
281 1887 312 1946 iu
336 1883 417 1944 cadis
440 1883 502 1946 sole
525 1887 738 1949 inveterantur.
776 1883 829 1947 Coi
852 1887 996 1946 marinam
1019 1903 1127 1966 aquam
1150 1886 1209 1949 lar·

188 1975 302 2052 giorum
325 1974 452 2034 miscent
474 1991 491 2034 a
513 1975 593 2035 servi
615 1975 696 2035 lurto
724 1976 839 2054 origine
868 1983 948 2036 orta·
962 1977 1004 2036 sic
1033 1993 1209 2038 mensuram
1222 1990 1246 2032 aa

187 2061 347 2144 explentis,
373 2061 464 2142 idque
487 2061 664 2125 menolatum
685 2065 717 2124 in
741 2061 841 2126 album
868 2071 1001 2126 mustum
1028 2064 1209 2127 leucocoum

187 2150 359 2231 appellatur.
412 2153 444 2212 in
472 2151 536 2212 aliis
564 2159 664 2214 autem
692 2150 831 2232 gentibus
859 2151 948 2214 simili
975 2153 1064 2214 modo
1092 2154 1208 2216 factum

186 2239 458 2302 tethalassomenon
479 2247 613 2323 vomat,
649 2240 824 2302 thalassiten
861 2249 961 2303 atatem
998 2244 1075 2304 vasis
1112 2246 1208 2305 musti

134 2335 167 2385 'te
186 2322 318 2390 deiectis'
336 2331 368 2390 in
395 2346 490 2411 mare,
518 2347 577 2409 quo
605 2347 714 2409 genere
741 2347 870 2410 praecox
897 2330 930 2392 fit
956 2339 1100 2393 vetustas.
1148 2351 1207 2394 nec

186 2436 246 2478 uon
276 2418 354 2497 apud
386 2436 441 2479 nos
474 2436 593 2498 quoque
617 2417 711 2478 Coum
743 2420 845 2480 viuum
877 2437 913 2480 ex
942 2418 1043 2481 Italico
1076 2421 1207 2483 faciendi
1219 2436 1242 2476 2⁵

186 2509 332 2566 rationem
361 2503 446 2567 Cato
474 2506 701 2590 demonstravit,
732 2526 823 2586 super
853 2515 953 2570 cetera
981 2509 1013 2569 in
1041 2507 1104 2570 sole
1133 2527 1206 2590 qua-

186 2594 323 2656 driennio
353 2596 562 2660 maturandum
590 2597 786 2676 praecipiens.
838 2595 987 2660 Rhodium
1016 2596 1076 2658 Coo
1107 2600 1226 2661 'slmile-

257 2845 278 2895 4.
293 2838 468 2893 Praetutium
485 2853 510 2892 o.
542 2837 669 2892 -tuilium
687 2843 711 2892 d.
744 2839 858 2894 -totium
876 2845 906 2893 lt.
940 2840 1060 2896 -cooium
1078 2859 1103 2897 a.
1188 2849 1205 2897 5

185 2911 218 2962 ut
236 2907 330 2964 dulcia
346 2911 507 2971 reddente
516 2908 578 2965 sut.
661 2916 677 2964 6
696 2912 888 2980 congruuntur
905 2911 943 2964 ιι.
971 2913 1053 2968 -uant
1070 2913 1130 2968 edd.
1141 2919 1206 2969 aaut

185 2978 247 3035 Sill.
321 2987 336 3036 l
351 2979 480 3050 proxima
492 2980 599 3036 fecerat
611 2999 636 3034 a.
712 2987 745 3036 10
764 2980 906 3036 Oreticum
920 2983 972 3052 (oet
986 2982 1096 3054 Oreot)
1110 2983 1204 3041 Haud.

185 3053 277 3106 oroet-
295 3051 577 3108 adeoldarchord.
610 3054 719 3116 oroaet·
737 3058 768 3106 b.
878 3058 909 3108 11
929 3053 1127 3124 peparethum
1146 3058 1203 3112 cod.

186 3122 267 3191 Ottffi
277 3122 369 3178 Hard.
396 3123 608 3193 proponentium
625 3127 672 3178 cd.
700 3139 799 3194 praep·
818 3125 1086 3182 neuuaatfflaru.
1171 3135 1204 3182 14

185 3211 252 3248 cura
270 3193 363 3250 Haud.
391 3211 456 3268 cure
475 3194 676 3250 deodd.Burb.
705 3211 770 3250 cure
788 3201 818 3250 n.
846 3195 908 3250 iure
920 3213 966 3250 ao.
995 3196 1046 3264 cfr.
1061 3196 1083 3268 §
1097 3201 1146 3254 62.
1166 3203 1202 3254 83

183 3269 208 3318 et
226 3267 334 3317 XXIII
343 3269 387 3321 53.
472 3271 506 3320 19
524 3266 555 3320 in
572 3265 664 3321 Hord.
683 3266 1021 3324 om.ll.edd.omteHord.
1101 3274 1135 3323 at
1157 3285 1201 3324 ex·

183 3334 291 3456 pellent
308 3337 346 3391 ⁸².
374 3336 447 3391 daut
463 3336 501 3390 ⁸¹.
527 3339 532 3406 Ι
556 3336 640 3405 idque
658 3337 827 3399 translatum
845 3355 891 3394 ao.
922 3351 977 3412 que
995 3339 1135 3395 monetata
1153 3358 1175 3395 r.
1194 3343 1199 3412 Ι

195 3419 347 3460 eucocoum
364 3405 607 3477 Du(?)cod.0biffi
617 3407 709 3464 Hord.
742 3425 853 3464 -cocum
866 3413 891 3466 d.
920 3409 1055 3466 sooohmn
1073 3411 1199 3467 addreb.

63 3475 71 3483 '
182 3473 273 3544 Istud.
302 3494 376 3530 rum
394 3477 513 3532 edBoe.
540 3478 652 3533 -cochin
670 3481 710 3534 ed.
718 3479 793 3536 Vero.
874 3487 909 3536 24
928 3483 1054 3536 uetustas
1072 3482 1199 3538 eddon

183 3545 241 3598 tus
254 3549 306 3599 uu.
334 3549 406 3600 tum
419 3565 444 3601 a.
473 3551 502 3603 et
519 3549 656 3604 vetustius
674 3551 734 3606 edd.
745 3557 808 3606 ante
818 3551 875 3608 Get.
943 3557 1031 3608 262⁷
1044 3551 1200 3622 quadriduo
1287 3607 1288 3618 ,

184 3615 253 3666 coni.
263 3615 329 3669 Dol.
344 3631 358 3670 e
372 3615 474 3672 Catone
487 3624 552 3687 112,
560 3625 586 3674 3.
614 3619 727 3677 biennio
745 3623 833 3678 Barla.
860 3623 954 3678 triduo
975 3623 1052 3680 Poe.
1155 3653 1158 3657 ·
1287 3629 1288 3634 ’
