<?xml version="1.0" encoding="UTF-8"?>
<!DOCTYPE html PUBLIC "-//W3C//DTD XHTML 1.0 Transitional//EN"
    "http://www.w3.org/TR/xhtml1/DTD/xhtml1-transitional.dtd">
<html xmlns="http://www.w3.org/1999/xhtml" xml:lang="en" lang="en">
 <head>
  <title>
</title>
<meta http-equiv="Content-Type" content="text/html;charset=utf-8" />
  <meta name='ocr-system' content='tesseract 3.04.00' />
  <meta name='ocr-capabilities' content='ocr_page ocr_carea ocr_par ocr_line ocrx_word'/>
</head>
<body>
  <div class='ocr_page' id='page_1' title='image "./cplinisecundina02mayhgoog_0236.png"; bbox 0 0 2636 3952; ppageno 0'>
   <div class='ocr_carea' id='block_1_1' title="bbox 345 105 1106 178">
    <p class='ocr_par' dir='ltr' id='par_1_1' title="bbox 345 105 1106 178">
     <span class='ocr_line' id='line_1_1' title="bbox 345 105 1106 178; baseline 0.02 -20"><span class='ocrx_word' id='word_1_1' title='bbox 345 106 429 161; x_wconf 78' lang='lat' dir='ltr'><strong>nur.</strong></span> <span class='ocrx_word' id='word_1_2' title='bbox 447 105 540 160; x_wconf 75' lang='lat' dir='ltr'><strong>Hier.</strong></span> <span class='ocrx_word' id='word_1_3' title='bbox 560 106 585 160; x_wconf 84' lang='lat' dir='ltr'><strong>x</strong></span> <span class='ocrx_word' id='word_1_4' title='bbox 603 113 709 162; x_wconf 77' lang='lat' dir='ltr'><strong>cr-se</strong></span> <span class='ocrx_word' id='word_1_5' title='bbox 730 111 856 178; x_wconf 76' lang='lat' dir='ltr'><strong>(er-ro)</strong></span> <span class='ocrx_word' id='word_1_6' title='bbox 1045 109 1106 173; x_wconf 86' lang='lat'><strong>191</strong></span> 
     </span>
    </p>
   </div>
   <div class='ocr_carea' id='block_1_2' title="bbox 47 255 1185 2814">
    <p class='ocr_par' dir='ltr' id='par_1_2' title="bbox 89 255 1109 603">
     <span class='ocr_line' id='line_1_2' title="bbox 91 255 1108 333; baseline 0.005 -20"><span class='ocrx_word' id='word_1_7' title='bbox 91 271 201 333; x_wconf 90' lang='lat' dir='ltr'><strong>corpus</strong></span> <span class='ocrx_word' id='word_1_8' title='bbox 220 255 359 316; x_wconf 85' lang='lat' dir='ltr'><strong>ocissime</strong></span> <span class='ocrx_word' id='word_1_9' title='bbox 377 256 541 315; x_wconf 79' lang='lat' dir='ltr'><strong>marcescit.</strong></span> <span class='ocrx_word' id='word_1_10' title='bbox 578 262 624 315; x_wconf 90' lang='lat' dir='ltr'><strong>cst</strong></span> <span class='ocrx_word' id='word_1_11' title='bbox 642 263 672 316; x_wconf 92' lang='lat' dir='ltr'><strong>et</strong></span> <span class='ocrx_word' id='word_1_12' title='bbox 690 255 745 316; x_wconf 91' lang='lat' dir='ltr'><strong>alia</strong></span> <span class='ocrx_word' id='word_1_13' title='bbox 763 259 882 318; x_wconf 90' lang='lat' dir='ltr'><strong>nominc</strong></span> <span class='ocrx_word' id='word_1_14' title='bbox 901 258 1006 318; x_wconf 88' lang='lat' dir='ltr'><strong>eodem</strong></span> <span class='ocrx_word' id='word_1_15' title='bbox 1025 277 1041 318; x_wconf 91' lang='lat' dir='ltr'><strong>a</strong></span> <span class='ocrx_word' id='word_1_16' title='bbox 1060 275 1108 318; x_wconf 93' lang='lat' dir='ltr'><strong>co-</strong></span> 
     </span>
     <span class='ocr_line' id='line_1_3' title="bbox 90 341 1109 426; baseline 0.006 -24"><span class='ocrx_word' id='word_1_17' title='bbox 90 341 259 403; x_wconf 87' lang='lat' dir='ltr'><strong>turnicibus</strong></span> <span class='ocrx_word' id='word_1_18' title='bbox 272 343 473 421; x_wconf 81' lang='lat' dir='ltr'><strong>magnitudine</strong></span> <span class='ocrx_word' id='word_1_19' title='bbox 489 351 605 405; x_wconf 85' lang='lat' dir='ltr'><strong>tantum</strong></span> <span class='ocrx_word' id='word_1_20' title='bbox 624 344 773 426; x_wconf 80' lang='lat' dir='ltr'><strong>differens,</strong></span> <span class='ocrx_word' id='word_1_21' title='bbox 796 363 902 412; x_wconf 82' lang='lat' dir='ltr'><strong>croceo</strong></span> <span class='ocrx_word' id='word_1_22' title='bbox 926 355 1020 408; x_wconf 90' lang='lat' dir='ltr'><strong>unctu</strong></span> <span class='ocrx_word' id='word_1_23' title='bbox 1034 347 1109 408; x_wconf 87' lang='lat' dir='ltr'><strong>cibis</strong></span> 
     </span>
     <span class='ocr_line' id='line_1_4' title="bbox 90 430 1109 515; baseline 0.007 -25"><span class='ocrx_word' id='word_1_24' title='bbox 90 432 266 509; x_wconf 86' lang='lat' dir='ltr'><strong>gratissima.</strong></span> <span class='ocrx_word' id='word_1_25' title='bbox 298 434 390 492; x_wconf 90' lang='lat' dir='ltr'><strong>visam</strong></span> <span class='ocrx_word' id='word_1_26' title='bbox 412 434 444 492; x_wconf 92' lang='lat' dir='ltr'><strong>in</strong></span> <span class='ocrx_word' id='word_1_27' title='bbox 467 430 590 511; x_wconf 77' lang='lat' dir='ltr'><strong>Alpibus</strong></span> <span class='ocrx_word' id='word_1_28' title='bbox 613 431 649 492; x_wconf 90' lang='lat' dir='ltr'><strong>ab</strong></span> <span class='ocrx_word' id='word_1_29' title='bbox 673 451 705 493; x_wconf 88' lang='lat' dir='ltr'><strong>se</strong></span> <span class='ocrx_word' id='word_1_30' title='bbox 728 433 909 512; x_wconf 78' lang='lat' dir='ltr'><strong>peculiarem</strong></span> <span class='ocrx_word' id='word_1_31' title='bbox 932 436 1055 515; x_wconf 78' lang='lat' dir='ltr'><strong>Aegypti</strong></span> <span class='ocrx_word' id='word_1_32' title='bbox 1079 445 1109 498; x_wconf 92' lang='lat' dir='ltr'><strong>et</strong></span> 
     </span>
     <span class='ocr_line' id='line_1_5' title="bbox 89 519 1027 603; baseline 0.004 -23"><span class='ocrx_word' id='word_1_33' title='bbox 89 519 162 580; x_wconf 87' lang='lat' dir='ltr'><strong>ibim</strong></span> <span class='ocrx_word' id='word_1_34' title='bbox 185 519 359 598; x_wconf 81' lang='lat' dir='ltr'><strong>Egnatius</strong></span> <span class='ocrx_word' id='word_1_35' title='bbox 382 519 549 581; x_wconf 84' lang='lat' dir='ltr'><strong>Calvinus</strong></span> <span class='ocrx_word' id='word_1_36' title='bbox 571 522 741 600; x_wconf 85' lang='lat' dir='ltr'><strong>praefectus</strong></span> <span class='ocrx_word' id='word_1_37' title='bbox 764 540 867 582; x_wconf 89' lang='lat' dir='ltr'><strong>earum</strong></span> <span class='ocrx_word' id='word_1_38' title='bbox 889 523 1027 603; x_wconf 82' lang='lat' dir='ltr'><strong>prodidit.</strong></span> 
     </span>
    </p>

    <p class='ocr_par' dir='ltr' id='par_1_3' title="bbox 64 601 1159 1043">
     <span class='ocr_line' id='line_1_6' title="bbox 64 601 1159 690; baseline 0.005 -28"><span class='ocrx_word' id='word_1_39' title='bbox 64 621 76 662; x_wconf 84' lang='lat' dir='ltr'><strong>s</strong></span> <span class='ocrx_word' id='word_1_40' title='bbox 158 601 218 671; x_wconf 78' lang='lat'><strong>49.</strong></span> <span class='ocrx_word' id='word_1_41' title='bbox 243 601 317 690; x_wconf 83' lang='lat'>(69)</span> <span class='ocrx_word' id='word_1_42' title='bbox 351 608 504 670; x_wconf 80' lang='lat' dir='ltr'><strong>Venerunt</strong></span> <span class='ocrx_word' id='word_1_43' title='bbox 531 611 563 670; x_wconf 92' lang='lat' dir='ltr'><strong>iu</strong></span> <span class='ocrx_word' id='word_1_44' title='bbox 591 609 704 670; x_wconf 90' lang='lat' dir='ltr'><strong>ltaliam</strong></span> <span class='ocrx_word' id='word_1_45' title='bbox 731 609 981 672; x_wconf 78' lang='lat' dir='ltr'><strong>bedriacensibus</strong></span> <span class='ocrx_word' id='word_1_46' title='bbox 1010 612 1159 673; x_wconf 74' lang='lat' dir='ltr'><strong>hadistat</strong></span> 
     </span>
     <span class='ocr_line' id='line_1_7' title="bbox 90 695 1106 762; baseline 0.005 -6"><span class='ocrx_word' id='word_1_47' title='bbox 90 695 227 757; x_wconf 86' lang='lat' dir='ltr'><strong>civilibus</strong></span> <span class='ocrx_word' id='word_1_48' title='bbox 249 704 333 757; x_wconf 91' lang='lat' dir='ltr'><strong>trans</strong></span> <span class='ocrx_word' id='word_1_49' title='bbox 356 697 470 757; x_wconf 91' lang='lat' dir='ltr'><strong>Padum</strong></span> <span class='ocrx_word' id='word_1_50' title='bbox 497 705 527 758; x_wconf 90' lang='lat' dir='ltr'><strong>et</strong></span> <span class='ocrx_word' id='word_1_51' title='bbox 555 716 648 758; x_wconf 89' lang='lat' dir='ltr'><strong>novae</strong></span> <span class='ocrx_word' id='word_1_52' title='bbox 672 716 740 759; x_wconf 88' lang='lat' dir='ltr'><strong>aves</strong></span> <span class='ocrx_word' id='word_1_53' title='bbox 764 731 806 742; x_wconf 89' lang='lat'><strong>-—</strong></span> <span class='ocrx_word' id='word_1_54' title='bbox 833 701 875 760; x_wconf 92' lang='lat' dir='ltr'><strong>ita</strong></span> <span class='ocrx_word' id='word_1_55' title='bbox 903 703 982 760; x_wconf 89' lang='lat' dir='ltr'><strong>euim</strong></span> <span class='ocrx_word' id='word_1_56' title='bbox 1010 701 1106 762; x_wconf 90' lang='lat' dir='ltr'><strong>adhuc</strong></span> 
     </span>
     <span class='ocr_line' id='line_1_8' title="bbox 91 786 1106 866; baseline 0.003 -20"><span class='ocrx_word' id='word_1_57' title='bbox 91 793 235 846; x_wconf 88' lang='lat' dir='ltr'><strong>vocantur</strong></span> <span class='ocrx_word' id='word_1_58' title='bbox 267 818 308 828; x_wconf 89' lang='lat'><strong>-</strong></span> <span class='ocrx_word' id='word_1_59' title='bbox 341 786 500 846; x_wconf 88' lang='lat' dir='ltr'><strong>turdorum</strong></span> <span class='ocrx_word' id='word_1_60' title='bbox 532 788 648 866; x_wconf 89' lang='lat' dir='ltr'><strong>specie,</strong></span> <span class='ocrx_word' id='word_1_61' title='bbox 684 786 806 866; x_wconf 89' lang='lat' dir='ltr'><strong>paulum</strong></span> <span class='ocrx_word' id='word_1_62' title='bbox 840 789 917 848; x_wconf 91' lang='lat' dir='ltr'><strong>inlra</strong></span> <span class='ocrx_word' id='word_1_63' title='bbox 955 788 1106 849; x_wconf 88' lang='lat' dir='ltr'><strong>columbas</strong></span> 
     </span>
     <span class='ocr_line' id='line_1_9' title="bbox 90 874 1107 956; baseline 0.003 -22"><span class='ocrx_word' id='word_1_64' title='bbox 90 874 307 956; x_wconf 81' lang='lat' dir='ltr'><strong>magnitudine,</strong></span> <span class='ocrx_word' id='word_1_65' title='bbox 337 893 442 954; x_wconf 88' lang='lat' dir='ltr'><strong>sapore</strong></span> <span class='ocrx_word' id='word_1_66' title='bbox 470 881 580 954; x_wconf 87' lang='lat' dir='ltr'><strong>gratae.</strong></span> <span class='ocrx_word' id='word_1_67' title='bbox 625 874 756 935; x_wconf 89' lang='lat' dir='ltr'><strong>Baliares</strong></span> <span class='ocrx_word' id='word_1_68' title='bbox 783 876 897 937; x_wconf 88' lang='lat' dir='ltr'><strong>insulae</strong></span> <span class='ocrx_word' id='word_1_69' title='bbox 930 876 1107 938; x_wconf 87' lang='lat' dir='ltr'><strong>nobiliorem</strong></span> 
     </span>
     <span class='ocr_line' id='line_1_10' title="bbox 89 963 1106 1043; baseline 0.004 -20"><span class='ocrx_word' id='word_1_70' title='bbox 89 964 179 1023; x_wconf 88' lang='lat' dir='ltr'><strong>etiam</strong></span> <span class='ocrx_word' id='word_1_71' title='bbox 207 981 298 1042; x_wconf 88' lang='lat' dir='ltr'><strong>supra</strong></span> <span class='ocrx_word' id='word_1_72' title='bbox 324 963 404 1024; x_wconf 91' lang='lat' dir='ltr'><strong>dicto</strong></span> <span class='ocrx_word' id='word_1_73' title='bbox 436 963 669 1043; x_wconf 82' lang='lat' dir='ltr'><strong>porphyrionem</strong></span> <span class='ocrx_word' id='word_1_74' title='bbox 701 967 833 1025; x_wconf 87' lang='lat' dir='ltr'><strong>mittunt.</strong></span> <span class='ocrx_word' id='word_1_75' title='bbox 878 965 920 1026; x_wconf 93' lang='lat' dir='ltr'><strong>ibi</strong></span> <span class='ocrx_word' id='word_1_76' title='bbox 952 973 982 1025; x_wconf 89' lang='lat' dir='ltr'><strong>et</strong></span> <span class='ocrx_word' id='word_1_77' title='bbox 1014 965 1106 1027; x_wconf 89' lang='lat' dir='ltr'><strong>buteo</strong></span> 
     </span>
    </p>

    <p class='ocr_par' dir='ltr' id='par_1_4' title="bbox 51 1051 1185 1219">
     <span class='ocr_line' id='line_1_11' title="bbox 51 1051 1185 1134; baseline 0.002 -22"><span class='ocrx_word' id='word_1_78' title='bbox 51 1065 76 1104; x_wconf 86' lang='lat'><strong>1⁰</strong></span> <span class='ocrx_word' id='word_1_79' title='bbox 89 1053 266 1130; x_wconf 88' lang='lat' dir='ltr'><strong>accipitrum</strong></span> <span class='ocrx_word' id='word_1_80' title='bbox 284 1053 403 1130; x_wconf 87' lang='lat' dir='ltr'><strong>generis</strong></span> <span class='ocrx_word' id='word_1_81' title='bbox 422 1054 453 1112; x_wconf 92' lang='lat' dir='ltr'><strong>in</strong></span> <span class='ocrx_word' id='word_1_82' title='bbox 471 1051 585 1112; x_wconf 90' lang='lat' dir='ltr'><strong>honore</strong></span> <span class='ocrx_word' id='word_1_83' title='bbox 604 1069 776 1113; x_wconf 87' lang='lat' dir='ltr'><strong>mensarum</strong></span> <span class='ocrx_word' id='word_1_84' title='bbox 794 1059 850 1134; x_wconf 91' lang='lat' dir='ltr'><strong>est,</strong></span> <span class='ocrx_word' id='word_1_85' title='bbox 872 1056 944 1114; x_wconf 91' lang='lat' dir='ltr'><strong>item</strong></span> <span class='ocrx_word' id='word_1_86' title='bbox 964 1055 1106 1133; x_wconf 90' lang='lat' dir='ltr'><strong>vipiones.</strong></span> <span class='ocrx_word' id='word_1_87' title='bbox 1182 1067 1185 1074; x_wconf 88' lang='grc'>·</span> 
     </span>
     <span class='ocr_line' id='line_1_12' title="bbox 89 1142 782 1219; baseline 0 -19"><span class='ocrx_word' id='word_1_88' title='bbox 89 1143 133 1201; x_wconf 92' lang='lat' dir='ltr'><strong>sic</strong></span> <span class='ocrx_word' id='word_1_89' title='bbox 157 1147 264 1200; x_wconf 87' lang='lat' dir='ltr'><strong>vocant</strong></span> <span class='ocrx_word' id='word_1_90' title='bbox 286 1142 433 1200; x_wconf 89' lang='lat' dir='ltr'><strong>minorem</strong></span> <span class='ocrx_word' id='word_1_91' title='bbox 452 1158 570 1219; x_wconf 49' lang='lat' dir='ltr'><strong>¹gruem.</strong></span> <span class='ocrx_word' id='word_1_92' title='bbox 781 1157 782 1160; x_wconf 45' lang='lat'>¹</span> 
     </span>
    </p>

    <p class='ocr_par' dir='ltr' id='par_1_5' title="bbox 89 1221 1160 1400">
     <span class='ocr_line' id='line_1_13' title="bbox 157 1221 1160 1310; baseline -0.002 -22"><span class='ocrx_word' id='word_1_93' title='bbox 157 1221 232 1310; x_wconf 77' lang='lat'>(70)</span> <span class='ocrx_word' id='word_1_94' title='bbox 255 1227 384 1305; x_wconf 85' lang='lat' dir='ltr'><strong>Pegasos</strong></span> <span class='ocrx_word' id='word_1_95' title='bbox 407 1231 517 1308; x_wconf 86' lang='lat' dir='ltr'><strong>equino</strong></span> <span class='ocrx_word' id='word_1_96' title='bbox 536 1231 631 1308; x_wconf 90' lang='lat' dir='ltr'><strong>capite</strong></span> <span class='ocrx_word' id='word_1_97' title='bbox 650 1229 787 1290; x_wconf 88' lang='lat' dir='ltr'><strong>volucres</strong></span> <span class='ocrx_word' id='word_1_98' title='bbox 807 1239 837 1290; x_wconf 92' lang='lat' dir='ltr'><strong>et</strong></span> <span class='ocrx_word' id='word_1_99' title='bbox 855 1229 983 1310; x_wconf 88' lang='lat' dir='ltr'><strong>gryphas</strong></span> <span class='ocrx_word' id='word_1_100' title='bbox 1002 1233 1160 1291; x_wconf 79' lang='grc'>1111111136</span> 
     </span>
     <span class='ocr_line' id='line_1_14' title="bbox 89 1314 1107 1400; baseline 0.004 -24"><span class='ocrx_word' id='word_1_101' title='bbox 89 1317 260 1377; x_wconf 79' lang='lat' dir='ltr'><strong>aduncitate</strong></span> <span class='ocrx_word' id='word_1_102' title='bbox 284 1314 402 1394; x_wconf 87' lang='lat' dir='ltr'><strong>[rostri]</strong></span> <span class='ocrx_word' id='word_1_103' title='bbox 426 1317 577 1378; x_wconf 83' lang='lat' dir='ltr'><strong>fabulosos</strong></span> <span class='ocrx_word' id='word_1_104' title='bbox 600 1335 679 1400; x_wconf 88' lang='lat' dir='ltr'><strong>reor,</strong></span> <span class='ocrx_word' id='word_1_105' title='bbox 701 1318 768 1378; x_wconf 88' lang='lat' dir='ltr'><strong>illos</strong></span> <span class='ocrx_word' id='word_1_106' title='bbox 791 1320 822 1377; x_wconf 90' lang='lat' dir='ltr'><strong>iu</strong></span> <span class='ocrx_word' id='word_1_107' title='bbox 847 1318 974 1400; x_wconf 81' lang='lat' dir='ltr'><strong>Scythia,</strong></span> <span class='ocrx_word' id='word_1_108' title='bbox 998 1318 1052 1379; x_wconf 90' lang='lat' dir='ltr'><strong>hos</strong></span> <span class='ocrx_word' id='word_1_109' title='bbox 1076 1321 1107 1380; x_wconf 89' lang='lat' dir='ltr'><strong>in</strong></span> 
     </span>
    </p>

    <p class='ocr_par' dir='ltr' id='par_1_6' title="bbox 89 1405 1108 1488">
     <span class='ocr_line' id='line_1_15' title="bbox 89 1405 1108 1488; baseline 0.002 -22"><span class='ocrx_word' id='word_1_110' title='bbox 89 1405 253 1484; x_wconf 86' lang='lat' dir='ltr'><strong>Aethiopia.</strong></span> <span class='ocrx_word' id='word_1_111' title='bbox 291 1405 429 1484; x_wconf 88' lang='lat' dir='ltr'><strong>equidem</strong></span> <span class='ocrx_word' id='word_1_112' title='bbox 448 1414 478 1467; x_wconf 92' lang='lat' dir='ltr'><strong>et</strong></span> <span class='ocrx_word' id='word_1_113' title='bbox 496 1413 670 1486; x_wconf 86' lang='lat' dir='ltr'><strong>tragopana,</strong></span> <span class='ocrx_word' id='word_1_114' title='bbox 689 1406 726 1466; x_wconf 90' lang='lat' dir='ltr'><strong>de</strong></span> <span class='ocrx_word' id='word_1_115' title='bbox 745 1425 804 1486; x_wconf 84' lang='lat' dir='ltr'><strong>qua</strong></span> <span class='ocrx_word' id='word_1_116' title='bbox 821 1406 923 1486; x_wconf 90' lang='lat' dir='ltr'><strong>plures</strong></span> <span class='ocrx_word' id='word_1_117' title='bbox 942 1408 1108 1488; x_wconf 83' lang='lat' dir='ltr'><strong>adfirmant,</strong></span> 
     </span>
    </p>

    <p class='ocr_par' dir='ltr' id='par_1_7' title="bbox 49 1494 1158 1927">
     <span class='ocr_line' id='line_1_16' title="bbox 49 1494 1108 1576; baseline 0.003 -23"><span class='ocrx_word' id='word_1_118' title='bbox 49 1506 74 1546; x_wconf 76' lang='lat'><strong>15</strong></span> <span class='ocrx_word' id='word_1_119' title='bbox 89 1495 233 1554; x_wconf 88' lang='lat' dir='ltr'><strong>maiorem</strong></span> <span class='ocrx_word' id='word_1_120' title='bbox 256 1494 366 1574; x_wconf 79' lang='lat' dir='ltr'><strong>aquila,</strong></span> <span class='ocrx_word' id='word_1_121' title='bbox 394 1512 506 1556; x_wconf 88' lang='lat' dir='ltr'><strong>cornua</strong></span> <span class='ocrx_word' id='word_1_122' title='bbox 528 1496 560 1555; x_wconf 93' lang='lat' dir='ltr'><strong>iu</strong></span> <span class='ocrx_word' id='word_1_123' title='bbox 581 1495 768 1574; x_wconf 86' lang='lat' dir='ltr'><strong>temporibus</strong></span> <span class='ocrx_word' id='word_1_124' title='bbox 796 1503 917 1557; x_wconf 76' lang='lat' dir='ltr'><strong>eiurata</strong></span> <span class='ocrx_word' id='word_1_125' title='bbox 939 1495 1108 1576; x_wconf 88' lang='lat' dir='ltr'><strong>habentem,</strong></span> 
     </span>
     <span class='ocr_line' id='line_1_17' title="bbox 87 1581 1107 1663; baseline 0.002 -21"><span class='ocrx_word' id='word_1_126' title='bbox 87 1583 253 1660; x_wconf 84' lang='lat' dir='ltr'><strong>ferruginei</strong></span> <span class='ocrx_word' id='word_1_127' title='bbox 276 1581 399 1663; x_wconf 85' lang='lat' dir='ltr'><strong>coloris,</strong></span> <span class='ocrx_word' id='word_1_128' title='bbox 427 1591 542 1643; x_wconf 84' lang='lat' dir='ltr'><strong>tentum</strong></span> <span class='ocrx_word' id='word_1_129' title='bbox 566 1586 662 1663; x_wconf 90' lang='lat' dir='ltr'><strong>capite</strong></span> <span class='ocrx_word' id='word_1_130' title='bbox 686 1584 859 1662; x_wconf 89' lang='lat' dir='ltr'><strong>phoeniceo.</strong></span> <span class='ocrx_word' id='word_1_131' title='bbox 904 1603 961 1645; x_wconf 88' lang='lat' dir='ltr'><strong>uec</strong></span> <span class='ocrx_word' id='word_1_132' title='bbox 986 1583 1107 1645; x_wconf 87' lang='lat' dir='ltr'><strong>Sirenes</strong></span> 
     </span>
     <span class='ocr_line' id='line_1_18' title="bbox 89 1670 1106 1753; baseline 0.004 -23"><span class='ocrx_word' id='word_1_133' title='bbox 89 1672 306 1750; x_wconf 81' lang='lat' dir='ltr'><strong>impetraverint</strong></span> <span class='ocrx_word' id='word_1_134' title='bbox 328 1671 430 1753; x_wconf 84' lang='lat' dir='ltr'><strong>iidem,</strong></span> <span class='ocrx_word' id='word_1_135' title='bbox 458 1670 593 1732; x_wconf 86' lang='lat' dir='ltr'><strong>adfirmet</strong></span> <span class='ocrx_word' id='word_1_136' title='bbox 621 1673 691 1732; x_wconf 89' lang='lat' dir='ltr'><strong>licet</strong></span> <span class='ocrx_word' id='word_1_137' title='bbox 718 1672 832 1732; x_wconf 87' lang='lat' dir='ltr'><strong>Dinon</strong></span> <span class='ocrx_word' id='word_1_138' title='bbox 861 1672 1002 1734; x_wconf 85' lang='lat' dir='ltr'><strong>Clitarchi</strong></span> <span class='ocrx_word' id='word_1_139' title='bbox 1030 1673 1106 1734; x_wconf 89' lang='lat' dir='ltr'><strong>cele·</strong></span> 
     </span>
     <span class='ocr_line' id='line_1_19' title="bbox 89 1758 1105 1844; baseline 0.005 -26"><span class='ocrx_word' id='word_1_140' title='bbox 89 1758 169 1818; x_wconf 92' lang='lat' dir='ltr'><strong>brati</strong></span> <span class='ocrx_word' id='word_1_141' title='bbox 187 1761 317 1821; x_wconf 87' lang='lat' dir='ltr'><strong>auctoris</strong></span> <span class='ocrx_word' id='word_1_142' title='bbox 335 1768 420 1844; x_wconf 88' lang='lat' dir='ltr'><strong>pater</strong></span> <span class='ocrx_word' id='word_1_143' title='bbox 444 1762 474 1820; x_wconf 92' lang='lat' dir='ltr'><strong>iu</strong></span> <span class='ocrx_word' id='word_1_144' title='bbox 494 1760 575 1820; x_wconf 88' lang='lat' dir='ltr'><strong>ludia</strong></span> <span class='ocrx_word' id='word_1_145' title='bbox 599 1779 664 1821; x_wconf 88' lang='lat' dir='ltr'><strong>esse</strong></span> <span class='ocrx_word' id='word_1_146' title='bbox 688 1760 873 1839; x_wconf 89' lang='lat' dir='ltr'><strong>mulcerique</strong></span> <span class='ocrx_word' id='word_1_147' title='bbox 893 1760 997 1823; x_wconf 83' lang='lat' dir='ltr'><strong>earum</strong></span> <span class='ocrx_word' id='word_1_148' title='bbox 1016 1768 1105 1823; x_wconf 77' lang='lat' dir='ltr'><strong>catatu</strong></span> 
     </span>
     <span class='ocr_line' id='line_1_20' title="bbox 91 1849 1158 1927; baseline -0.001 -20"><span class='ocrx_word' id='word_1_149' title='bbox 91 1865 168 1926; x_wconf 89' lang='lat' dir='ltr'><strong>quos</strong></span> <span class='ocrx_word' id='word_1_150' title='bbox 188 1855 325 1926; x_wconf 87' lang='lat' dir='ltr'><strong>gravatos</strong></span> <span class='ocrx_word' id='word_1_151' title='bbox 348 1866 452 1908; x_wconf 89' lang='lat' dir='ltr'><strong>somno</strong></span> <span class='ocrx_word' id='word_1_152' title='bbox 480 1849 621 1910; x_wconf 89' lang='lat' dir='ltr'><strong>lacerent.</strong></span> <span class='ocrx_word' id='word_1_153' title='bbox 667 1851 719 1927; x_wconf 88' lang='lat' dir='ltr'><strong>qui</strong></span> <span class='ocrx_word' id='word_1_154' title='bbox 746 1851 848 1910; x_wconf 90' lang='lat' dir='ltr'><strong>credat</strong></span> <span class='ocrx_word' id='word_1_155' title='bbox 875 1851 932 1910; x_wconf 89' lang='lat' dir='ltr'><strong>ista</strong></span> <span class='ocrx_word' id='word_1_156' title='bbox 979 1857 1009 1910; x_wconf 89' lang='lat' dir='ltr'><strong>ct</strong></span> <span class='ocrx_word' id='word_1_157' title='bbox 1035 1849 1158 1910; x_wconf 72' lang='lat' dir='ltr'><strong>hle-137</strong></span> 
     </span>
    </p>

    <p class='ocr_par' dir='ltr' id='par_1_8' title="bbox 49 1935 1106 2372">
     <span class='ocr_line' id='line_1_21' title="bbox 49 1935 1106 2016; baseline 0.003 -21"><span class='ocrx_word' id='word_1_158' title='bbox 49 1948 76 1988; x_wconf 74' lang='lat'><strong>20</strong></span> <span class='ocrx_word' id='word_1_159' title='bbox 90 1935 219 2015; x_wconf 83' lang='lat' dir='ltr'><strong>lampodi</strong></span> <span class='ocrx_word' id='word_1_160' title='bbox 236 1937 372 2016; x_wconf 82' lang='lat' dir='ltr'><strong>profacto</strong></span> <span class='ocrx_word' id='word_1_161' title='bbox 391 1955 480 1998; x_wconf 90' lang='lat' dir='ltr'><strong>aures</strong></span> <span class='ocrx_word' id='word_1_162' title='bbox 498 1937 654 1997; x_wconf 90' lang='lat' dir='ltr'><strong>lambendo</strong></span> <span class='ocrx_word' id='word_1_163' title='bbox 669 1936 786 1998; x_wconf 89' lang='lat' dir='ltr'><strong>dedisse</strong></span> <span class='ocrx_word' id='word_1_164' title='bbox 804 1939 866 1998; x_wconf 88' lang='lat' dir='ltr'><strong>inte</strong></span> <span class='ocrx_word' id='word_1_165' title='bbox 889 1955 923 1998; x_wconf 89' lang='lat' dir='ltr'><strong>ec</strong></span> <span class='ocrx_word' id='word_1_166' title='bbox 937 1955 989 1998; x_wconf 88' lang='lat' dir='ltr'><strong>um</strong></span> <span class='ocrx_word' id='word_1_167' title='bbox 1008 1940 1106 1998; x_wconf 87' lang='lat' dir='ltr'><strong>avium</strong></span> 
     </span>
     <span class='ocr_line' id='line_1_22' title="bbox 90 2023 1105 2108; baseline 0.002 -24"><span class='ocrx_word' id='word_1_168' title='bbox 90 2025 238 2086; x_wconf 90' lang='lat' dir='ltr'><strong>sermonis</strong></span> <span class='ocrx_word' id='word_1_169' title='bbox 267 2023 412 2101; x_wconf 88' lang='lat' dir='ltr'><strong>dracones</strong></span> <span class='ocrx_word' id='word_1_170' title='bbox 442 2043 503 2086; x_wconf 93' lang='lat' dir='ltr'><strong>non</strong></span> <span class='ocrx_word' id='word_1_171' title='bbox 536 2025 658 2108; x_wconf 89' lang='lat' dir='ltr'><strong>abnuat,</strong></span> <span class='ocrx_word' id='word_1_172' title='bbox 690 2025 736 2085; x_wconf 89' lang='lat' dir='ltr'><strong>vel</strong></span> <span class='ocrx_word' id='word_1_173' title='bbox 769 2033 844 2104; x_wconf 84' lang='lat' dir='ltr'><strong>quae</strong></span> <span class='ocrx_word' id='word_1_174' title='bbox 877 2025 1105 2086; x_wconf 86' lang='lat' dir='ltr'><strong>Democritus</strong></span> 
     </span>
     <span class='ocr_line' id='line_1_23' title="bbox 89 2112 1105 2193; baseline -0.001 -19"><span class='ocrx_word' id='word_1_175' title='bbox 89 2112 182 2174; x_wconf 89' lang='lat' dir='ltr'><strong>tradit</strong></span> <span class='ocrx_word' id='word_1_176' title='bbox 203 2114 382 2175; x_wconf 87' lang='lat' dir='ltr'><strong>nominando</strong></span> <span class='ocrx_word' id='word_1_177' title='bbox 406 2132 473 2175; x_wconf 88' lang='lat' dir='ltr'><strong>aves</strong></span> <span class='ocrx_word' id='word_1_178' title='bbox 502 2131 629 2193; x_wconf 88' lang='lat' dir='ltr'><strong>quarum</strong></span> <span class='ocrx_word' id='word_1_179' title='bbox 656 2114 781 2174; x_wconf 79' lang='lat' dir='ltr'><strong>confuso</strong></span> <span class='ocrx_word' id='word_1_180' title='bbox 810 2116 952 2192; x_wconf 89' lang='lat' dir='ltr'><strong>sanguiue</strong></span> <span class='ocrx_word' id='word_1_181' title='bbox 981 2131 1105 2192; x_wconf 89' lang='lat' dir='ltr'><strong>serpens</strong></span> 
     </span>
     <span class='ocr_line' id='line_1_24' title="bbox 88 2201 1106 2284; baseline -0.001 -22"><span class='ocrx_word' id='word_1_182' title='bbox 88 2203 241 2284; x_wconf 87' lang='lat' dir='ltr'><strong>gignatur,</strong></span> <span class='ocrx_word' id='word_1_183' title='bbox 273 2221 363 2281; x_wconf 90' lang='lat' dir='ltr'><strong>quem</strong></span> <span class='ocrx_word' id='word_1_184' title='bbox 395 2205 531 2282; x_wconf 88' lang='lat' dir='ltr'><strong>quisquis</strong></span> <span class='ocrx_word' id='word_1_185' title='bbox 563 2202 659 2264; x_wconf 91' lang='lat' dir='ltr'><strong>ederit</strong></span> <span class='ocrx_word' id='word_1_186' title='bbox 690 2203 898 2264; x_wconf 89' lang='lat' dir='ltr'><strong>intellecturus</strong></span> <span class='ocrx_word' id='word_1_187' title='bbox 931 2204 970 2262; x_wconf 90' lang='lat' dir='ltr'><strong>sit</strong></span> <span class='ocrx_word' id='word_1_188' title='bbox 1002 2201 1106 2262; x_wconf 90' lang='lat' dir='ltr'><strong>alitum</strong></span> 
     </span>
     <span class='ocr_line' id='line_1_25' title="bbox 89 2289 1105 2372; baseline -0.001 -20"><span class='ocrx_word' id='word_1_189' title='bbox 89 2289 250 2372; x_wconf 85' lang='lat' dir='ltr'><strong>colloquia,</strong></span> <span class='ocrx_word' id='word_1_190' title='bbox 277 2309 412 2371; x_wconf 87' lang='lat' dir='ltr'><strong>quaeque</strong></span> <span class='ocrx_word' id='word_1_191' title='bbox 441 2292 477 2351; x_wconf 91' lang='lat' dir='ltr'><strong>de</strong></span> <span class='ocrx_word' id='word_1_192' title='bbox 505 2309 565 2352; x_wconf 92' lang='lat' dir='ltr'><strong>una</strong></span> <span class='ocrx_word' id='word_1_193' title='bbox 587 2309 640 2351; x_wconf 87' lang='lat' dir='ltr'><strong>ave</strong></span> <span class='ocrx_word' id='word_1_194' title='bbox 663 2290 785 2370; x_wconf 88' lang='lat' dir='ltr'><strong>galerita</strong></span> <span class='ocrx_word' id='word_1_195' title='bbox 811 2292 948 2371; x_wconf 92' lang='lat' dir='ltr'><strong>privatim</strong></span> <span class='ocrx_word' id='word_1_196' title='bbox 977 2308 1105 2351; x_wconf 88' lang='lat' dir='ltr'><strong>comme-</strong></span> 
     </span>
    </p>

    <p class='ocr_par' dir='ltr' id='par_1_9' title="bbox 47 2379 1159 2814">
     <span class='ocr_line' id='line_1_26' title="bbox 47 2379 1105 2460; baseline -0.002 -20"><span class='ocrx_word' id='word_1_197' title='bbox 47 2391 74 2432; x_wconf 70' lang='grc'><strong>15</strong></span> <span class='ocrx_word' id='word_1_198' title='bbox 88 2387 195 2460; x_wconf 88' lang='lat' dir='ltr'><strong>morat,</strong></span> <span class='ocrx_word' id='word_1_199' title='bbox 218 2381 308 2440; x_wconf 92' lang='lat' dir='ltr'><strong>etiam</strong></span> <span class='ocrx_word' id='word_1_200' title='bbox 328 2381 392 2440; x_wconf 88' lang='lat' dir='ltr'><strong>sine</strong></span> <span class='ocrx_word' id='word_1_201' title='bbox 413 2379 460 2440; x_wconf 91' lang='lat' dir='ltr'><strong>his</strong></span> <span class='ocrx_word' id='word_1_202' title='bbox 480 2380 614 2441; x_wconf 88' lang='lat' dir='ltr'><strong>inmensa</strong></span> <span class='ocrx_word' id='word_1_203' title='bbox 632 2382 709 2441; x_wconf 87' lang='lat' dir='ltr'><strong>vitae</strong></span> <span class='ocrx_word' id='word_1_204' title='bbox 730 2379 853 2459; x_wconf 88' lang='lat' dir='ltr'><strong>ambage</strong></span> <span class='ocrx_word' id='word_1_205' title='bbox 874 2382 953 2440; x_wconf 89' lang='lat' dir='ltr'><strong>circa</strong></span> <span class='ocrx_word' id='word_1_206' title='bbox 974 2381 1105 2458; x_wconf 86' lang='lat' dir='ltr'><strong>auguria.</strong></span> 
     </span>
     <span class='ocr_line' id='line_1_27' title="bbox 88 2466 1159 2550; baseline -0.002 -20"><span class='ocrx_word' id='word_1_207' title='bbox 88 2470 283 2530; x_wconf 85' lang='lat' dir='ltr'><strong>nominantur</strong></span> <span class='ocrx_word' id='word_1_208' title='bbox 315 2467 351 2528; x_wconf 93' lang='lat' dir='ltr'><strong>ab</strong></span> <span class='ocrx_word' id='word_1_209' title='bbox 384 2466 538 2528; x_wconf 86' lang='lat' dir='ltr'><strong>Homero</strong></span> <span class='ocrx_word' id='word_1_210' title='bbox 571 2487 675 2548; x_wconf 87' lang='lat' dir='ltr'><strong>scopes</strong></span> <span class='ocrx_word' id='word_1_211' title='bbox 682 2517 692 2550; x_wconf 89' lang='lat'><strong>,</strong></span> <span class='ocrx_word' id='word_1_212' title='bbox 725 2471 823 2528; x_wconf 86' lang='lat' dir='ltr'><strong>arium</strong></span> <span class='ocrx_word' id='word_1_213' title='bbox 854 2485 965 2550; x_wconf 85' lang='lat' dir='ltr'><strong>genus,</strong></span> <span class='ocrx_word' id='word_1_214' title='bbox 997 2485 1095 2547; x_wconf 87' lang='lat' dir='ltr'><strong>neque</strong></span> <span class='ocrx_word' id='word_1_215' title='bbox 1108 2474 1159 2524; x_wconf 83' lang='lat'><strong>138</strong></span> 
     </span>
     <span class='ocr_line' id='line_1_28' title="bbox 89 2556 1105 2638; baseline 0 -21"><span class='ocrx_word' id='word_1_216' title='bbox 89 2557 198 2618; x_wconf 88' lang='lat' dir='ltr'><strong>harum</strong></span> <span class='ocrx_word' id='word_1_217' title='bbox 216 2559 363 2618; x_wconf 90' lang='lat' dir='ltr'><strong>saturicos</strong></span> <span class='ocrx_word' id='word_1_218' title='bbox 386 2564 494 2638; x_wconf 91' lang='lat' dir='ltr'><strong>motus,</strong></span> <span class='ocrx_word' id='word_1_219' title='bbox 517 2575 587 2618; x_wconf 88' lang='lat' dir='ltr'><strong>cum</strong></span> <span class='ocrx_word' id='word_1_220' title='bbox 608 2556 797 2638; x_wconf 90' lang='lat' dir='ltr'><strong>insidientur,</strong></span> <span class='ocrx_word' id='word_1_221' title='bbox 819 2557 970 2637; x_wconf 90' lang='lat' dir='ltr'><strong>plerisque</strong></span> <span class='ocrx_word' id='word_1_222' title='bbox 995 2573 1105 2617; x_wconf 89' lang='lat' dir='ltr'><strong>memo-</strong></span> 
     </span>
     <span class='ocr_line' id='line_1_29' title="bbox 89 2645 1106 2729; baseline -0.001 -23"><span class='ocrx_word' id='word_1_223' title='bbox 89 2654 172 2707; x_wconf 91' lang='lat' dir='ltr'><strong>ratos</strong></span> <span class='ocrx_word' id='word_1_224' title='bbox 194 2645 280 2706; x_wconf 83' lang='lat' dir='ltr'><strong>facile</strong></span> <span class='ocrx_word' id='word_1_225' title='bbox 304 2647 494 2724; x_wconf 88' lang='lat' dir='ltr'><strong>conceperim</strong></span> <span class='ocrx_word' id='word_1_226' title='bbox 512 2653 631 2729; x_wconf 88' lang='lat' dir='ltr'><strong>mente,</strong></span> <span class='ocrx_word' id='word_1_227' title='bbox 654 2665 752 2725; x_wconf 88' lang='lat' dir='ltr'><strong>neque</strong></span> <span class='ocrx_word' id='word_1_228' title='bbox 775 2648 856 2724; x_wconf 86' lang='lat' dir='ltr'><strong>ipsae</strong></span> <span class='ocrx_word' id='word_1_229' title='bbox 880 2647 939 2706; x_wconf 88' lang='lat' dir='ltr'><strong>iam</strong></span> <span class='ocrx_word' id='word_1_230' title='bbox 962 2663 1031 2705; x_wconf 89' lang='lat' dir='ltr'><strong>aves</strong></span> <span class='ocrx_word' id='word_1_231' title='bbox 1054 2663 1106 2705; x_wconf 91' lang='lat' dir='ltr'><strong>uo·</strong></span> 
     </span>
     <span class='ocr_line' id='line_1_30' title="bbox 90 2732 1085 2814; baseline -0.002 -19"><span class='ocrx_word' id='word_1_232' title='bbox 90 2741 226 2814; x_wconf 82' lang='lat' dir='ltr'><strong>scantur,</strong></span> <span class='ocrx_word' id='word_1_233' title='bbox 248 2733 444 2812; x_wconf 85' lang='lat' dir='ltr'><strong>quamobrem</strong></span> <span class='ocrx_word' id='word_1_234' title='bbox 462 2732 499 2794; x_wconf 91' lang='lat' dir='ltr'><strong>de</strong></span> <span class='ocrx_word' id='word_1_235' title='bbox 522 2735 667 2795; x_wconf 80' lang='lat' dir='ltr'><strong>confessis</strong></span> <span class='ocrx_word' id='word_1_236' title='bbox 691 2734 869 2794; x_wconf 90' lang='lat' dir='ltr'><strong>disseruisse</strong></span> <span class='ocrx_word' id='word_1_237' title='bbox 892 2735 1085 2812; x_wconf 86' lang='lat' dir='ltr'><strong>praestiterit.</strong></span> 
     </span>
    </p>
   </div>
   <div class='ocr_carea' id='block_1_3' title="bbox 48 2936 1109 3634">
    <p class='ocr_par' dir='ltr' id='par_1_10' title="bbox 89 2936 1109 3208">
     <span class='ocr_line' id='line_1_31' title="bbox 164 2936 1109 3008; baseline -0.002 -14"><span class='ocrx_word' id='word_1_238' title='bbox 164 2947 179 2994; x_wconf 88' lang='lat'>1</span> <span class='ocrx_word' id='word_1_239' title='bbox 199 2939 328 2994; x_wconf 85' lang='lat' dir='ltr'><strong>ocissime</strong></span> <span class='ocrx_word' id='word_1_240' title='bbox 346 2939 496 2995; x_wconf 81' lang='lat' dir='ltr'><strong>marcescit</strong></span> <span class='ocrx_word' id='word_1_241' title='bbox 513 2939 550 2994; x_wconf 69' lang='lat'><strong>2⁹.</strong></span> <span class='ocrx_word' id='word_1_242' title='bbox 579 2939 665 2995; x_wconf 88' lang='lat' dir='ltr'><strong>occisi</strong></span> <span class='ocrx_word' id='word_1_243' title='bbox 681 2936 770 2995; x_wconf 80' lang='lat' dir='ltr'><strong>mere-</strong></span> <span class='ocrx_word' id='word_1_244' title='bbox 790 2942 906 3008; x_wconf 74' lang='lat' dir='ltr'><strong>(emero</strong></span> <span class='ocrx_word' id='word_1_245' title='bbox 924 2940 977 3008; x_wconf 76' lang='lat' dir='ltr'><strong>Bd)</strong></span> <span class='ocrx_word' id='word_1_246' title='bbox 995 2955 1018 2993; x_wconf 84' lang='lat' dir='ltr'><strong>r.</strong></span> <span class='ocrx_word' id='word_1_247' title='bbox 1039 2939 1045 3007; x_wconf 93' lang='grc' dir='ltr'>Ι</span> <span class='ocrx_word' id='word_1_248' title='bbox 1065 2940 1109 2992; x_wconf 83' lang='grc'><strong>111</strong></span> 
     </span>
     <span class='ocr_line' id='line_1_32' title="bbox 91 3008 1108 3078; baseline -0.002 -14"><span class='ocrx_word' id='word_1_249' title='bbox 91 3011 122 3064; x_wconf 87' lang='lat' dir='ltr'><strong>et</strong></span> <span class='ocrx_word' id='word_1_250' title='bbox 138 3010 173 3061; x_wconf 74' lang='lat'><strong>1²</strong></span> <span class='ocrx_word' id='word_1_251' title='bbox 190 3011 222 3065; x_wconf 82' lang='lat' dir='ltr'><strong>in</strong></span> <span class='ocrx_word' id='word_1_252' title='bbox 240 3027 296 3066; x_wconf 85' lang='lat' dir='ltr'><strong>ros.</strong></span> <span class='ocrx_word' id='word_1_253' title='bbox 324 3012 368 3065; x_wconf 88' lang='lat' dir='ltr'><strong>est</strong></span> <span class='ocrx_word' id='word_1_254' title='bbox 385 3013 432 3064; x_wconf 82' lang='lat' dir='ltr'><strong>sd.</strong></span> <span class='ocrx_word' id='word_1_255' title='bbox 461 3027 563 3065; x_wconf 86' lang='lat' dir='ltr'><strong>esser.</strong></span> <span class='ocrx_word' id='word_1_256' title='bbox 645 3011 877 3065; x_wconf 67' lang='grc'>1111111311.</span> <span class='ocrx_word' id='word_1_257' title='bbox 904 3009 995 3064; x_wconf 78' lang='grc'>11111111</span> <span class='ocrx_word' id='word_1_258' title='bbox 1013 3008 1058 3078; x_wconf 69' lang='lat'><strong>(1²</strong></span> <span class='ocrx_word' id='word_1_259' title='bbox 1075 3010 1108 3063; x_wconf 80' lang='lat' dir='ltr'><strong>in</strong></span> 
     </span>
     <span class='ocr_line' id='line_1_33' title="bbox 89 3077 1106 3162; baseline -0.003 -26"><span class='ocrx_word' id='word_1_260' title='bbox 89 3083 158 3150; x_wconf 84' lang='lat' dir='ltr'><strong>roe.)</strong></span> <span class='ocrx_word' id='word_1_261' title='bbox 172 3097 218 3137; x_wconf 83' lang='lat' dir='ltr'><strong>ro.</strong></span> <span class='ocrx_word' id='word_1_262' title='bbox 290 3086 468 3136; x_wconf 75' lang='grc'>5111111111,</span> <span class='ocrx_word' id='word_1_263' title='bbox 496 3081 612 3162; x_wconf 66' lang='lat' dir='ltr'><strong>-reylyd,</strong></span> <span class='ocrx_word' id='word_1_264' title='bbox 686 3081 865 3136; x_wconf 80' lang='lat' dir='ltr'><strong>rturdorum</strong></span> <span class='ocrx_word' id='word_1_265' title='bbox 878 3079 913 3132; x_wconf 59' lang='lat' dir='ltr'><strong>ri</strong></span> <span class='ocrx_word' id='word_1_266' title='bbox 930 3081 1031 3134; x_wconf 76' lang='lat' dir='ltr'><strong>toros.</strong></span> <span class='ocrx_word' id='word_1_267' title='bbox 1046 3077 1106 3134; x_wconf 64' lang='lat' dir='ltr'><strong>sio.</strong></span> 
     </span>
     <span class='ocr_line' id='line_1_34' title="bbox 89 3151 1044 3208; baseline -0.001 -2"><span class='ocrx_word' id='word_1_268' title='bbox 89 3153 194 3208; x_wconf 83' lang='lat' dir='ltr'><strong>horum</strong></span> <span class='ocrx_word' id='word_1_269' title='bbox 211 3152 249 3206; x_wconf 51' lang='grc' dir='ltr'><strong>αἱ.</strong></span> <span class='ocrx_word' id='word_1_270' title='bbox 273 3152 373 3208; x_wconf 88' lang='lat' dir='ltr'><strong>dorum</strong></span> <span class='ocrx_word' id='word_1_271' title='bbox 390 3169 413 3208; x_wconf 82' lang='lat' dir='ltr'><strong>r.</strong></span> <span class='ocrx_word' id='word_1_272' title='bbox 488 3157 521 3206; x_wconf 87' lang='grc'><strong>19</strong></span> <span class='ocrx_word' id='word_1_273' title='bbox 539 3152 667 3208; x_wconf 79' lang='lat' dir='ltr'><strong>naciones</strong></span> <span class='ocrx_word' id='word_1_274' title='bbox 685 3153 728 3206; x_wconf 72' lang='lat' dir='ltr'><strong>r‘.</strong></span> <span class='ocrx_word' id='word_1_275' title='bbox 754 3151 815 3206; x_wconf 80' lang='lat' dir='ltr'><strong>bih</strong></span> <span class='ocrx_word' id='word_1_276' title='bbox 834 3151 953 3206; x_wconf 77' lang='lat' dir='ltr'><strong>diodero</strong></span> <span class='ocrx_word' id='word_1_277' title='bbox 971 3151 1044 3206; x_wconf 81' lang='lat' dir='ltr'><strong>ttort.</strong></span> 
     </span>
    </p>

    <p class='ocr_par' dir='ltr' id='par_1_11' title="bbox 48 3223 1108 3435">
     <span class='ocr_line' id='line_1_35' title="bbox 91 3223 1108 3294; baseline -0.002 -17"><span class='ocrx_word' id='word_1_278' title='bbox 91 3230 124 3278; x_wconf 90' lang='grc'><strong>11</strong></span> <span class='ocrx_word' id='word_1_279' title='bbox 145 3223 187 3278; x_wconf 87' lang='lat' dir='ltr'><strong>sio</strong></span> <span class='ocrx_word' id='word_1_280' title='bbox 205 3223 281 3278; x_wconf 86' lang='lat' dir='ltr'><strong>enim</strong></span> <span class='ocrx_word' id='word_1_281' title='bbox 294 3229 347 3278; x_wconf 76' lang='lat' dir='ltr'><strong>Ba.</strong></span> <span class='ocrx_word' id='word_1_282' title='bbox 434 3229 467 3278; x_wconf 83' lang='lat'><strong>13</strong></span> <span class='ocrx_word' id='word_1_283' title='bbox 486 3239 571 3278; x_wconf 72' lang='lat' dir='ltr'><strong>ancos</strong></span> <span class='ocrx_word' id='word_1_284' title='bbox 588 3239 635 3294; x_wconf 79' lang='lat' dir='ltr'><strong>epo</strong></span> <span class='ocrx_word' id='word_1_285' title='bbox 649 3225 741 3292; x_wconf 80' lang='lat' dir='ltr'><strong>posui.</strong></span> <span class='ocrx_word' id='word_1_286' title='bbox 769 3223 854 3277; x_wconf 78' lang='lat' dir='ltr'><strong>rostri</strong></span> <span class='ocrx_word' id='word_1_287' title='bbox 871 3223 1001 3292; x_wconf 75' lang='lat' dir='ltr'><strong>ylosemno</strong></span> <span class='ocrx_word' id='word_1_288' title='bbox 1018 3227 1057 3276; x_wconf 82' lang='lat' dir='ltr'><strong>cet</strong></span> <span class='ocrx_word' id='word_1_289' title='bbox 1074 3237 1108 3276; x_wconf 82' lang='lat' dir='ltr'><strong>ex</strong></span> 
     </span>
     <span class='ocr_line' id='line_1_36' title="bbox 48 3294 1107 3367; baseline -0.005 -17"><span class='ocrx_word' id='word_1_290' title='bbox 48 3341 49 3344; x_wconf 62' lang='lat'><strong>,</strong></span> <span class='ocrx_word' id='word_1_291' title='bbox 87 3295 179 3367; x_wconf 78' lang='lat'><em>§196</em></span> <span class='ocrx_word' id='word_1_292' title='bbox 192 3295 245 3348; x_wconf 71' lang='lat' dir='ltr'><strong>lnce</strong></span> <span class='ocrx_word' id='word_1_293' title='bbox 258 3295 376 3349; x_wconf 79' lang='lat' dir='ltr'><strong>illatum.</strong></span> <span class='ocrx_word' id='word_1_294' title='bbox 450 3294 711 3358; x_wconf 67' lang='grc'>18111111111111.</span> <span class='ocrx_word' id='word_1_295' title='bbox 791 3298 991 3348; x_wconf 73' lang='grc'>1911111111.</span> <span class='ocrx_word' id='word_1_296' title='bbox 1021 3309 1107 3362; x_wconf 77' lang='lat' dir='ltr'><strong>eugu-</strong></span> 
     </span>
     <span class='ocr_line' id='line_1_37' title="bbox 88 3363 1107 3435; baseline -0.007 -13"><span class='ocrx_word' id='word_1_297' title='bbox 88 3383 138 3422; x_wconf 84' lang='lat' dir='ltr'><strong>res</strong></span> <span class='ocrx_word' id='word_1_298' title='bbox 150 3381 173 3420; x_wconf 82' lang='lat' dir='ltr'><strong>r.</strong></span> <span class='ocrx_word' id='word_1_299' title='bbox 194 3365 294 3435; x_wconf 82' lang='lat' dir='ltr'><strong>auguri</strong></span> <span class='ocrx_word' id='word_1_300' title='bbox 307 3371 389 3422; x_wconf 85' lang='lat' dir='ltr'><strong>aures</strong></span> <span class='ocrx_word' id='word_1_301' title='bbox 401 3367 475 3422; x_wconf 86' lang='lat' dir='ltr'><strong>Dett.</strong></span> <span class='ocrx_word' id='word_1_302' title='bbox 517 3382 520 3390; x_wconf 91' lang='lat'>·</span> <span class='ocrx_word' id='word_1_303' title='bbox 547 3373 580 3420; x_wconf 89' lang='grc'><strong>11</strong></span> <span class='ocrx_word' id='word_1_304' title='bbox 590 3365 704 3420; x_wconf 76' lang='lat' dir='ltr'><strong>abnuet</strong></span> <span class='ocrx_word' id='word_1_305' title='bbox 716 3365 759 3420; x_wconf 69' lang='lat'><strong>1²².</strong></span> <span class='ocrx_word' id='word_1_306' title='bbox 776 3367 780 3433; x_wconf 79' lang='grc' dir='ltr'>Ι</span> <span class='ocrx_word' id='word_1_307' title='bbox 797 3365 847 3431; x_wconf 78' lang='lat' dir='ltr'><strong>cfr.</strong></span> <span class='ocrx_word' id='word_1_308' title='bbox 862 3363 967 3418; x_wconf 79' lang='lat' dir='ltr'><strong>Gellius</strong></span> <span class='ocrx_word' id='word_1_309' title='bbox 984 3365 1107 3429; x_wconf 78' lang='grc' dir='ltr'>Χ11,7.</span> 
     </span>
    </p>

    <p class='ocr_par' dir='ltr' id='par_1_12' title="bbox 88 3432 1109 3572">
     <span class='ocr_line' id='line_1_38' title="bbox 165 3432 1109 3492; baseline -0.006 -2"><span class='ocrx_word' id='word_1_310' title='bbox 165 3442 199 3490; x_wconf 78' lang='lat'><strong>27</strong></span> <span class='ocrx_word' id='word_1_311' title='bbox 217 3435 386 3492; x_wconf 79' lang='lat' dir='ltr'><strong>insidientur</strong></span> <span class='ocrx_word' id='word_1_312' title='bbox 399 3438 430 3491; x_wconf 76' lang='lat' dir='ltr'><strong>cl&#39;</strong></span> <span class='ocrx_word' id='word_1_313' title='bbox 442 3439 542 3492; x_wconf 75' lang='lat' dir='ltr'><strong>iseros.</strong></span> <span class='ocrx_word' id='word_1_314' title='bbox 558 3442 586 3490; x_wconf 74' lang='grc'><strong>1.</strong></span> <span class='ocrx_word' id='word_1_315' title='bbox 614 3435 726 3490; x_wconf 86' lang='lat' dir='ltr'><strong>-dentur</strong></span> <span class='ocrx_word' id='word_1_316' title='bbox 745 3435 775 3488; x_wconf 69' lang='grc' dir='ltr'><strong>α’</strong></span> <span class='ocrx_word' id='word_1_317' title='bbox 792 3436 824 3489; x_wconf 78' lang='lat' dir='ltr'><strong>io</strong></span> <span class='ocrx_word' id='word_1_318' title='bbox 842 3436 892 3488; x_wconf 88' lang='lat' dir='ltr'><strong>iac.</strong></span> <span class='ocrx_word' id='word_1_319' title='bbox 907 3434 1000 3488; x_wconf 77' lang='lat' dir='ltr'><strong>Hord.</strong></span> <span class='ocrx_word' id='word_1_320' title='bbox 1029 3432 1109 3486; x_wconf 86' lang='lat' dir='ltr'><strong>-deut</strong></span> 
     </span>
     <span class='ocr_line' id='line_1_39' title="bbox 88 3507 1107 3572; baseline -0.011 -7"><span class='ocrx_word' id='word_1_321' title='bbox 88 3509 153 3565; x_wconf 78' lang='lat' dir='ltr'><strong>edd.</strong></span> <span class='ocrx_word' id='word_1_322' title='bbox 172 3513 236 3564; x_wconf 75' lang='lat' dir='ltr'><strong>mate</strong></span> <span class='ocrx_word' id='word_1_323' title='bbox 254 3508 346 3572; x_wconf 81' lang='lat' dir='ltr'><strong>Hard.</strong></span> <span class='ocrx_word' id='word_1_324' title='bbox 375 3508 543 3563; x_wconf 77' lang='lat' dir='ltr'><strong>msidienbur</strong></span> <span class='ocrx_word' id='word_1_325' title='bbox 554 3524 579 3562; x_wconf 86' lang='lat' dir='ltr'><strong>r.</strong></span> <span class='ocrx_word' id='word_1_326' title='bbox 651 3507 958 3562; x_wconf 68' lang='grc'>1119111111111111</span> <span class='ocrx_word' id='word_1_327' title='bbox 985 3519 1065 3557; x_wconf 87' lang='lat' dir='ltr'><strong>naac-</strong></span> <span class='ocrx_word' id='word_1_328' title='bbox 1083 3518 1107 3554; x_wconf 81' lang='lat' dir='ltr'><strong>r.</strong></span> 
     </span>
    </p>

    <p class='ocr_par' dir='ltr' id='par_1_13' title="bbox 165 3574 1027 3634">
     <span class='ocr_line' id='line_1_40' title="bbox 165 3574 1027 3634; baseline -0.01 0"><span class='ocrx_word' id='word_1_329' title='bbox 165 3583 199 3634; x_wconf 88' lang='grc'><strong>19</strong></span> <span class='ocrx_word' id='word_1_330' title='bbox 218 3578 381 3634; x_wconf 87' lang='lat' dir='ltr'><strong>disseruisse</strong></span> <span class='ocrx_word' id='word_1_331' title='bbox 399 3579 483 3632; x_wconf 63' lang='lat' dir='ltr'><strong>Fui.</strong></span> <span class='ocrx_word' id='word_1_332' title='bbox 512 3578 734 3634; x_wconf 83' lang='lat' dir='ltr'><strong>deconseruisset</strong></span> <span class='ocrx_word' id='word_1_333' title='bbox 750 3576 791 3631; x_wconf 73' lang='lat'><strong>1¹.</strong></span> <span class='ocrx_word' id='word_1_334' title='bbox 820 3574 988 3630; x_wconf 83' lang='lat' dir='ltr'><strong>deseruisset</strong></span> <span class='ocrx_word' id='word_1_335' title='bbox 1004 3589 1027 3626; x_wconf 86' lang='lat' dir='ltr'><strong>r.</strong></span> 
     </span>
    </p>
   </div>
   <div class='ocr_carea' id='block_1_4' title="bbox 0 0 1323 3952">
    <p class='ocr_par' dir='ltr' id='par_1_14' title="bbox 0 0 1323 3952">
     <span class='ocr_line' id='line_1_41' title="bbox 0 0 1323 3952; baseline 0 0"><span class='ocrx_word' id='word_1_336' title='bbox 0 0 1323 3952; x_wconf 95' lang='lat' dir='ltr'><strong> </strong></span> 
     </span>
    </p>
   </div>
  </div>
 </body>
</html>
