2594 3960
332 151 418 206 unu.
436 149 530 205 uisu.
549 149 588 204 xi
607 152 712 204 es-es
732 151 859 220 <ee-ao>
1034 133 1102 216 2'29

75 303 165 364 altius
196 301 314 363 tollunt.
364 298 455 360 iidem
483 313 590 360 sereno
618 315 678 360 ooo
705 307 824 382 texunt,
853 299 967 360 nubilo⁴
985 307 1100 381 texunt,

74 392 207 470 ideoque
231 390 325 451 multa
347 405 455 449 aranea
478 387 619 450 imbrium
643 389 726 467 signa
753 396 832 450 sunt.
878 388 1019 452 feminam
1045 407 1098 469 pu·

73 488 139 541 tant
163 497 234 540 esse
259 496 335 557 quae
358 484 448 558 texat,
470 495 584 538 marem
607 479 659 555 qui
682 484 815 539 venetur.
860 479 902 539 ita
924 480 1008 557 paria
1034 477 1099 541 ficri

73 571 183 630 merita
210 569 358 646 coniugio.

49 669 61 708 ὁ
141 651 222 738 (29)
246 657 355 716 Aranei
383 656 566 716 conveniunt
593 654 744 736 clunibuS,
771 657 893 734 pariunt
920 656 1098 717 vermiculos
1118 661 1152 712 85
1227 682 1230 688 ·
1282 625 1283 638 ἵ

73 735 135 806 ovis
165 744 292 806 similes,
347 761 416 804 nam
448 762 503 804 nee
535 743 644 805 horum
676 743 790 804 dilierri
822 750 922 823 potest
953 747 1099 828 genitura,

73 836 220 914 quoniam
249 835 435 895 insectorum
465 833 512 892 vix
542 832 601 892 ulla
631 832 688 893 alia
717 834 848 892 narratio
879 840 934 893 est.
979 836 1100 913 pariunt

74 933 175 984 autem
201 923 303 984 omnia
325 923 356 982 in
384 921 456 1004 tela,
484 921 537 982 sed
564 938 635 1001 pars
659 939 675 981 a
784 939 843 1000 que
871 921 981 983 saliunt
1008 930 1097 1002 atque

71 1011 128 1087 fila
157 1013 314 1074 emittunt.
359 1009 514 1090 phalangia
541 1018 658 1072 tantum
683 1013 715 1070 in
742 1012 808 1089 ipso
836 1028 929 1089 specu
956 1011 1098 1072 incubant

41 1112 62 1150 1⁰
74 1119 219 1180 magnum
234 1117 394 1160 numerum
413 1101 473 1180 qui,
491 1106 526 1160 ut
544 1102 676 1180 emersit,
694 1105 821 1161 matrem
834 1100 991 1180 consumit,
1010 1117 1097 1180 saepe

74 1197 102 1249 et
131 1198 265 1269 patrem.
318 1188 436 1249 adiuvat
465 1191 545 1249 enim
574 1187 726 1249 incubare.
778 1189 900 1267 pariunt
934 1195 1034 1249 autem
1068 1195 1098 1249 et

75 1286 226 1358 trecenoS,
249 1284 366 1337 ceterae
390 1278 554 1356 pauciores
597 1287 627 1338 et
649 1276 793 1337 incubant
814 1276 923 1337 triduo.
961 1295 1097 1338 consum-

74 1375 196 1428 mantur
223 1368 323 1426 aranei
347 1373 452 1444 quater
476 1366 609 1445 septenis
632 1364 746 1426 debus.

141 1450 198 1516 25.
221 1448 296 1536 (30)
321 1453 463 1516 Similiter
485 1453 532 1514 his
557 1462 586 1515 et
610 1457 784 1533 scorpiones
807 1462 968 1515 terrestres
992 1457 1151 1516 vermilio

45 1555 65 1593 1⁵
77 1544 158 1604 culos
183 1561 312 1604 ovorum
335 1545 435 1623 specie
462 1545 584 1622 pariunt
611 1543 807 1621 similiterque
835 1551 977 1624 pereunt,
1003 1545 1098 1623 pestis

77 1634 247 1713 inportuna,
270 1634 378 1692 veneni
396 1634 592 1712 serpentium,
614 1633 673 1692 nisi
696 1631 776 1710 quod
795 1634 931 1711 graviore
950 1633 1097 1712 supplicio
1202 1710 1204 1714 Ι

78 1719 153 1782 lenta
166 1740 226 1801 per
240 1720 376 1781 triduum
394 1728 490 1781 morte
510 1720 681 1802 conficiunt,
700 1719 865 1800 virginibus
879 1720 960 1782 letali
979 1740 1099 1801 semper

80 1810 137 1870 ictu
160 1818 193 1872 et
216 1810 338 1870 feminis
362 1809 425 1870 fere
449 1811 480 1869 in
503 1816 614 1890 totum,
641 1811 714 1870 viris
737 1817 837 1873 autem
860 1812 1020 1891 matutino,
1048 1829 1096 1871 ex-

82 1906 181 1960 ermtes
211 1899 348 1958 cavernis
377 1900 552 1976 priusquam
580 1897 679 1976 aliquo
711 1898 835 1959 fortuito
868 1901 930 1960 ictu
962 1900 1097 1960 ieiunum

47 1995 68 2032 ²0
81 1995 200 2064 egerant
228 2003 387 2046 venenum.
441 2004 561 2066 semper
589 1986 682 2048 cauda
712 1989 743 2046 in
772 1989 835 2048 ictu
871 1995 917 2048 est
951 1986 1094 2067 nulloque
1113 1991 1147 2045 87

80 2084 237 2137 momento
261 2075 400 2136 meditari
437 2082 550 2156 cessat,
591 2094 629 2136 ne
667 2075 785 2154 quando
823 2075 900 2136 desit
937 2078 1097 2137 occasioni.

81 2162 145 2224 ierit
163 2173 194 2227 et
213 2163 336 2242 obliquo
355 2165 417 2224 ictu
437 2171 467 2224 et
484 2163 604 2226 iuilexo.
635 2183 785 2226 venenum
808 2163 844 2224 ah
867 2164 914 2224 his
938 2164 1097 2227 candidum
1120 2175 1124 2183 “

81 2251 159 2314 fundi
183 2251 425 2333 Apollodorus
448 2260 553 2313 auctor
576 2255 671 2314 estin
690 2269 798 2314 novem
816 2271 926 2332 genera
944 2252 1097 2333 discriptis

80 2357 130 2417 per
152 2342 270 2402 colores
293 2343 433 2423 maxime,
462 2359 660 2424 supervacuo,
688 2344 828 2421 quoniam
855 2360 915 2402 non
944 2350 991 2404 est
1018 2344 1097 2404 scire

50 2438 151 2506 tiquos
183 2431 305 2491 minime
339 2429 473 2491 exitiales
505 2431 695 2510 praedixerit.
749 2433 884 2510 geminos
918 2431 1096 2510 quibusdam

82 2517 194 2580 aculeos
219 2537 302 2600 esse,
333 2536 492 2597 maresque
523 2521 710 2581 saevissimos
740 2552 784 2562 —
815 2538 884 2582 nam
916 2523 1029 2582 coitum
1059 2522 1096 2582 iis

83 2605 180 2670 tribuit
204 2641 257 2690 -—,
280 2606 413 2687 intellegi
436 2615 535 2669 autem
558 2608 723 2687 gracilitate
753 2617 784 2670 et
805 2608 1000 2689 longitudine.
1046 2629 1095 2670 ve·
1114 2613 1150 2664 88

84 2711 188 2758 uenum
212 2696 353 2758 omnibus
376 2696 474 2758 medio
498 2697 555 2778 die,
578 2716 647 2758 cum
669 2697 852 2759 incanduere
881 2698 953 2759 solis
981 2699 1096 2760 ardori·

147 2909 160 2955 1
184 2921 242 2960 uon
265 2907 365 2960 texunt
382 2923 407 2961 o,
441 2909 540 2962 texunt
556 2914 588 2962 rt.
621 2908 675 2962 urit
692 2925 716 2963 r.
825 2914 841 2962 3
865 2908 982 2962 venetur
1000 2905 1096 2961 Hard.

86 2973 169 3028 -ntur
186 2977 214 3030 ll.
289 2978 371 3032 lvix
389 2977 449 3032 ulle
465 2995 491 3033 o.
519 2979 567 3033 uie
585 2979 633 3034 uix
651 2978 695 3033 ι’,
724 2979 788 3034 uice
806 2979 868 3034 ulle
885 2995 910 3032 e..
937 2977 1050 3032 uincula
1069 2980 1094 3031 d.

86 3039 130 3097 -lle
146 3062 168 3100 r.
245 3049 340 3103 8tele
358 3049 408 3104 sed
422 3047 483 3104 Sto.
515 3066 557 3104 -es
577 3052 607 3106 et
625 3050 652 3105 ll.
684 3067 726 3105 -es
746 3050 796 3105 sed
810 3050 888 3105 Prot.
911 3051 916 3118 Ι
938 3066 1004 3119 pars
1023 3065 1095 3104 a...

85 3128 131 3196 que
152 3117 257 3173 saliunt
280 3135 327 3189 epo
350 3120 409 3175 coll.
424 3120 511 3176 Arist.
531 3121 556 3175 lt.
576 3138 601 3175 o.
622 3121 949 3190 Vrtp.55513,1rqq.
977 3121 1095 3190 periisse

86 3185 215 3272 vener.-
234 3190 353 3260 (e)liqne
365 3192 476 3246 tantum
489 3208 524 3246 ex
535 3193 617 3262 parto
632 3191 805 3248 circumdata
817 3192 886 3261 tela,
904 3208 970 3262 pers
983 3191 1014 3244 in
1032 3190 1095 3245 sinu

87 3255 238 3316 orbrculalo.
266 3279 324 3317 non
339 3279 436 3317 omnes
450 3263 522 3332 pulli
536 3263 620 3318 simul
633 3265 787 3330 nescuntm
797 3263 976 3332 statimque).
997 3278 1095 3331 sparse

87 3341 146 3392 luas
169 3331 245 3390 aliud
269 3333 376 3403 (eliani
393 3336 424 3402 d)
443 3333 472 3389 ll.
505 3351 603 3404 sparsa
625 3336 765 3405 (expansa
783 3335 843 3390 edel.
858 3339 922 3389 note
936 3333 1005 3401 (iel.)
1028 3332 1095 3401 quia

90 3415 216 3477 suurn.
289 3423 507 3492 efflaeqoeotl.
522 3424 610 3480 Area.
625 3425 642 3479 z.
657 3425 675 3479 r.
702 3424 733 3478 aa
750 3428 830 3478 aas
854 3403 921 3477 ala.
947 3421 1027 3476 itae.

91 3489 117 3538 12
129 3489 249 3548 uesanos
264 3494 340 3577 codd.
351 3493 431 3548 Brot.
455 3497 530 3550 -nlos
543 3496 631 3552 Boeo.
646 3511 680 3550 ec
689 3495 778 3550 Arist.
793 3495 809 3550 l.
821 3495 839 3549 l.
852 3491 1020 3573 c.15.,tric·
1035 3493 1094 3546 llo.

91 3623 137 3684 e.
150 3565 860 3707 ¹tlttf⁹¹⁰⁰tltltln0²tlt.“tattna
876 3562 1094 3696 alitfflnfliltfl·
