<?xml version="1.0" encoding="UTF-8"?>
<!DOCTYPE html PUBLIC "-//W3C//DTD XHTML 1.0 Transitional//EN"
    "http://www.w3.org/TR/xhtml1/DTD/xhtml1-transitional.dtd">
<html xmlns="http://www.w3.org/1999/xhtml" xml:lang="en" lang="en">
 <head>
  <title>
</title>
<meta http-equiv="Content-Type" content="text/html;charset=utf-8" />
  <meta name='ocr-system' content='tesseract 3.04.00' />
  <meta name='ocr-capabilities' content='ocr_page ocr_carea ocr_par ocr_line ocrx_word'/>
</head>
<body>
  <div class='ocr_page' id='page_1' title='image "./cplinisecundina02mayhgoog_0173.png"; bbox 0 0 2620 3948; ppageno 0'>
   <div class='ocr_carea' id='block_1_1' title="bbox 223 135 887 202">
    <p class='ocr_par' dir='ltr' id='par_1_1' title="bbox 223 135 887 202">
     <span class='ocr_line' id='line_1_1' title="bbox 223 135 887 202; baseline -0.018 0"><span class='ocrx_word' id='word_1_1' title='bbox 223 138 285 202; x_wconf 85' lang='grc'><strong>128</strong></span> <span class='ocrx_word' id='word_1_2' title='bbox 563 137 592 194; x_wconf 84' lang='grc' dir='ltr'><strong>Ο.</strong></span> <span class='ocrx_word' id='word_1_3' title='bbox 611 136 710 196; x_wconf 85' lang='lat' dir='ltr'><strong>PLlNl</strong></span> <span class='ocrx_word' id='word_1_4' title='bbox 730 135 887 190; x_wconf 72' lang='lat' dir='ltr'><strong>sedulior</strong></span> 
     </span>
    </p>
   </div>
   <div class='ocr_carea' id='block_1_2' title="bbox 168 285 1302 2851">
    <p class='ocr_par' dir='ltr' id='par_1_2' title="bbox 220 285 1262 809">
     <span class='ocr_line' id='line_1_2' title="bbox 220 285 1234 367; baseline -0.004 -19"><span class='ocrx_word' id='word_1_5' title='bbox 220 295 323 367; x_wconf 85' lang='lat' dir='ltr'><strong>postea</strong></span> <span class='ocrx_word' id='word_1_6' title='bbox 346 288 519 364; x_wconf 77' lang='lat' dir='ltr'><strong>trequentes</strong></span> <span class='ocrx_word' id='word_1_7' title='bbox 541 287 735 346; x_wconf 89' lang='lat' dir='ltr'><strong>inveniuntur</strong></span> <span class='ocrx_word' id='word_1_8' title='bbox 759 285 857 345; x_wconf 86' lang='lat' dir='ltr'><strong>ltaliae</strong></span> <span class='ocrx_word' id='word_1_9' title='bbox 880 285 977 366; x_wconf 82' lang='lat' dir='ltr'><strong>litore,</strong></span> <span class='ocrx_word' id='word_1_10' title='bbox 1001 303 1061 345; x_wconf 92' lang='lat' dir='ltr'><strong>non</strong></span> <span class='ocrx_word' id='word_1_11' title='bbox 1084 293 1170 346; x_wconf 87' lang='lat' dir='ltr'><strong>antea</strong></span> <span class='ocrx_word' id='word_1_12' title='bbox 1192 285 1234 344; x_wconf 89' lang='lat' dir='ltr'><strong>ibi</strong></span> 
     </span>
     <span class='ocr_line' id='line_1_3' title="bbox 221 371 1234 456; baseline -0.003 -20"><span class='ocrx_word' id='word_1_13' title='bbox 221 378 309 456; x_wconf 86' lang='lat' dir='ltr'><strong>eapti,</strong></span> <span class='ocrx_word' id='word_1_14' title='bbox 327 375 525 454; x_wconf 79' lang='lat' dir='ltr'><strong>admovetque</strong></span> <span class='ocrx_word' id='word_1_15' title='bbox 541 373 598 434; x_wconf 86' lang='lat' dir='ltr'><strong>sibi</strong></span> <span class='ocrx_word' id='word_1_16' title='bbox 616 373 684 453; x_wconf 90' lang='lat' dir='ltr'><strong>gula</strong></span> <span class='ocrx_word' id='word_1_17' title='bbox 703 391 824 453; x_wconf 89' lang='lat' dir='ltr'><strong>sapores</strong></span> <span class='ocrx_word' id='word_1_18' title='bbox 838 371 971 453; x_wconf 86' lang='lat' dir='ltr'><strong>piscibus</strong></span> <span class='ocrx_word' id='word_1_19' title='bbox 990 377 1061 434; x_wconf 84' lang='lat' dir='ltr'><strong>satis</strong></span> <span class='ocrx_word' id='word_1_20' title='bbox 1081 382 1111 435; x_wconf 91' lang='lat' dir='ltr'><strong>et</strong></span> <span class='ocrx_word' id='word_1_21' title='bbox 1124 391 1234 434; x_wconf 86' lang='lat' dir='ltr'><strong>novum</strong></span> 
     </span>
     <span class='ocr_line' id='line_1_4' title="bbox 220 463 1234 544; baseline -0.001 -20"><span class='ocrx_word' id='word_1_22' title='bbox 220 463 348 525; x_wconf 86' lang='lat' dir='ltr'><strong>incolam</strong></span> <span class='ocrx_word' id='word_1_23' title='bbox 371 465 445 524; x_wconf 86' lang='lat' dir='ltr'><strong>mari</strong></span> <span class='ocrx_word' id='word_1_24' title='bbox 464 463 554 544; x_wconf 81' lang='lat' dir='ltr'><strong>dedit,</strong></span> <span class='ocrx_word' id='word_1_25' title='bbox 577 479 615 522; x_wconf 93' lang='lat' dir='ltr'><strong>ne</strong></span> <span class='ocrx_word' id='word_1_26' title='bbox 635 465 702 542; x_wconf 88' lang='lat' dir='ltr'><strong>quis</strong></span> <span class='ocrx_word' id='word_1_27' title='bbox 719 465 893 542; x_wconf 83' lang='lat' dir='ltr'><strong>peregrinas</strong></span> <span class='ocrx_word' id='word_1_28' title='bbox 912 481 981 522; x_wconf 86' lang='lat' dir='ltr'><strong>aves</strong></span> <span class='ocrx_word' id='word_1_29' title='bbox 999 463 1109 524; x_wconf 86' lang='lat' dir='ltr'><strong>Romae</strong></span> <span class='ocrx_word' id='word_1_30' title='bbox 1128 481 1234 542; x_wconf 88' lang='lat' dir='ltr'><strong>parere</strong></span> 
     </span>
     <span class='ocr_line' id='line_1_5' title="bbox 220 551 1235 632; baseline -0.001 -19"><span class='ocrx_word' id='word_1_31' title='bbox 220 555 355 614; x_wconf 87' lang='lat' dir='ltr'><strong>miretur.</strong></span> <span class='ocrx_word' id='word_1_32' title='bbox 401 553 535 632; x_wconf 87' lang='lat' dir='ltr'><strong>proxima</strong></span> <span class='ocrx_word' id='word_1_33' title='bbox 554 558 600 612; x_wconf 89' lang='lat' dir='ltr'><strong>est</strong></span> <span class='ocrx_word' id='word_1_34' title='bbox 622 569 725 612; x_wconf 88' lang='lat' dir='ltr'><strong>mensa</strong></span> <span class='ocrx_word' id='word_1_35' title='bbox 745 554 837 612; x_wconf 82' lang='lat' dir='ltr'><strong>iecori</strong></span> <span class='ocrx_word' id='word_1_36' title='bbox 860 551 1012 612; x_wconf 76' lang='lat' dir='ltr'>dumtaxat</span> <span class='ocrx_word' id='word_1_37' title='bbox 1030 551 1235 632; x_wconf 75' lang='lat' dir='ltr'><strong>mustelarum,</strong></span> 
     </span>
     <span class='ocr_line' id='line_1_6' title="bbox 221 638 1262 723; baseline -0.006 -21"><span class='ocrx_word' id='word_1_38' title='bbox 221 659 304 723; x_wconf 76' lang='lat' dir='ltr'><strong>quae,</strong></span> <span class='ocrx_word' id='word_1_39' title='bbox 327 643 436 702; x_wconf 92' lang='lat' dir='ltr'><strong>mirum</strong></span> <span class='ocrx_word' id='word_1_40' title='bbox 459 640 550 720; x_wconf 81' lang='lat' dir='ltr'><strong>dictu,</strong></span> <span class='ocrx_word' id='word_1_41' title='bbox 574 641 653 700; x_wconf 92' lang='lat' dir='ltr'><strong>inter</strong></span> <span class='ocrx_word' id='word_1_42' title='bbox 676 638 764 720; x_wconf 77' lang='lat' dir='ltr'><strong>Alpes</strong></span> <span class='ocrx_word' id='word_1_43' title='bbox 789 655 907 719; x_wconf 83' lang='lat' dir='ltr'><strong>quoque</strong></span> <span class='ocrx_word' id='word_1_44' title='bbox 931 639 1013 700; x_wconf 88' lang='lat' dir='ltr'><strong>lacus</strong></span> <span class='ocrx_word' id='word_1_45' title='bbox 1031 640 1152 701; x_wconf 80' lang='lat' dir='ltr'><strong>Raetiae</strong></span> <span class='ocrx_word' id='word_1_46' title='bbox 1170 640 1262 700; x_wconf 77' lang='lat' dir='ltr'><strong>Bri-a</strong></span> 
     </span>
     <span class='ocr_line' id='line_1_7' title="bbox 220 729 810 809; baseline -0.003 -19"><span class='ocrx_word' id='word_1_47' title='bbox 220 731 359 809; x_wconf 82' lang='lat' dir='ltr'><strong>gentinus</strong></span> <span class='ocrx_word' id='word_1_48' title='bbox 382 729 511 790; x_wconf 86' lang='lat' dir='ltr'><strong>aemtrlas</strong></span> <span class='ocrx_word' id='word_1_49' title='bbox 534 729 657 789; x_wconf 86' lang='lat' dir='ltr'><strong>marinis</strong></span> <span class='ocrx_word' id='word_1_50' title='bbox 679 735 810 807; x_wconf 88' lang='lat' dir='ltr'><strong>generat.</strong></span> 
     </span>
    </p>

    <p class='ocr_par' dir='ltr' id='par_1_3' title="bbox 168 812 1276 1429">
     <span class='ocr_line' id='line_1_8' title="bbox 168 812 1234 899; baseline -0.002 -21"><span class='ocrx_word' id='word_1_51' title='bbox 168 828 202 878; x_wconf 84' lang='lat'><strong>64</strong></span> <span class='ocrx_word' id='word_1_52' title='bbox 288 812 362 899; x_wconf 77' lang='lat'>(30)</span> <span class='ocrx_word' id='word_1_53' title='bbox 385 817 429 878; x_wconf 82' lang='lat' dir='ltr'><strong>Ex</strong></span> <span class='ocrx_word' id='word_1_54' title='bbox 447 816 562 897; x_wconf 81' lang='lat' dir='ltr'><strong>reliqua</strong></span> <span class='ocrx_word' id='word_1_55' title='bbox 581 815 733 877; x_wconf 88' lang='lat' dir='ltr'><strong>nobilitate</strong></span> <span class='ocrx_word' id='word_1_56' title='bbox 758 825 788 878; x_wconf 92' lang='lat' dir='ltr'><strong>et</strong></span> <span class='ocrx_word' id='word_1_57' title='bbox 810 819 903 896; x_wconf 84' lang='lat' dir='ltr'><strong>gratia</strong></span> <span class='ocrx_word' id='word_1_58' title='bbox 921 820 1047 878; x_wconf 85' lang='lat' dir='ltr'><strong>maxima</strong></span> <span class='ocrx_word' id='word_1_59' title='bbox 1070 827 1117 880; x_wconf 89' lang='lat' dir='ltr'><strong>est</strong></span> <span class='ocrx_word' id='word_1_60' title='bbox 1137 826 1168 879; x_wconf 88' lang='lat' dir='ltr'><strong>et</strong></span> <span class='ocrx_word' id='word_1_61' title='bbox 1186 837 1234 877; x_wconf 89' lang='lat' dir='ltr'><strong>eo-</strong></span> 
     </span>
     <span class='ocr_line' id='line_1_9' title="bbox 219 905 1234 987; baseline 0 -21"><span class='ocrx_word' id='word_1_62' title='bbox 219 909 268 987; x_wconf 92' lang='lat' dir='ltr'><strong>pia</strong></span> <span class='ocrx_word' id='word_1_63' title='bbox 291 906 403 987; x_wconf 75' lang='lat' dir='ltr'><strong>mulliS,</strong></span> <span class='ocrx_word' id='word_1_64' title='bbox 426 909 503 967; x_wconf 89' lang='lat' dir='ltr'><strong>siout</strong></span> <span class='ocrx_word' id='word_1_65' title='bbox 525 905 697 984; x_wconf 87' lang='lat' dir='ltr'><strong>magnitudo</strong></span> <span class='ocrx_word' id='word_1_66' title='bbox 720 906 849 986; x_wconf 81' lang='lat' dir='ltr'><strong>modica,</strong></span> <span class='ocrx_word' id='word_1_67' title='bbox 879 905 1023 986; x_wconf 87' lang='lat' dir='ltr'><strong>binasque</strong></span> <span class='ocrx_word' id='word_1_68' title='bbox 1047 906 1138 967; x_wconf 92' lang='lat' dir='ltr'><strong>libras</strong></span> <span class='ocrx_word' id='word_1_69' title='bbox 1161 925 1234 985; x_wconf 93' lang='lat' dir='ltr'><strong>pon-</strong></span> 
     </span>
     <span class='ocr_line' id='line_1_10' title="bbox 220 994 1235 1076; baseline -0.002 -20"><span class='ocrx_word' id='word_1_70' title='bbox 220 994 300 1056; x_wconf 86' lang='lat' dir='ltr'><strong>deris</strong></span> <span class='ocrx_word' id='word_1_71' title='bbox 319 1013 387 1055; x_wconf 85' lang='grc'><strong>6666</strong></span> <span class='ocrx_word' id='word_1_72' title='bbox 406 994 563 1056; x_wconf 83' lang='lat' dir='ltr'><strong>admodum</strong></span> <span class='ocrx_word' id='word_1_73' title='bbox 583 1002 772 1076; x_wconf 84' lang='lat' dir='ltr'><strong>exsuperant,</strong></span> <span class='ocrx_word' id='word_1_74' title='bbox 790 1011 846 1056; x_wconf 88' lang='lat' dir='ltr'><strong>nec</strong></span> <span class='ocrx_word' id='word_1_75' title='bbox 865 997 896 1055; x_wconf 90' lang='lat' dir='ltr'><strong>in</strong></span> <span class='ocrx_word' id='word_1_76' title='bbox 915 997 1032 1055; x_wconf 88' lang='lat' dir='ltr'><strong>vivariis</strong></span> <span class='ocrx_word' id='word_1_77' title='bbox 1051 997 1235 1074; x_wconf 83' lang='lat' dir='ltr'><strong>piscinisque</strong></span> 
     </span>
     <span class='ocr_line' id='line_1_11' title="bbox 221 1083 1276 1164; baseline -0.006 -20"><span class='ocrx_word' id='word_1_78' title='bbox 221 1091 369 1145; x_wconf 87' lang='lat' dir='ltr'><strong>creseunt.</strong></span> <span class='ocrx_word' id='word_1_79' title='bbox 411 1083 652 1162; x_wconf 79' lang='lat' dir='ltr'><strong>septentrionalis</strong></span> <span class='ocrx_word' id='word_1_80' title='bbox 670 1090 786 1144; x_wconf 88' lang='lat' dir='ltr'><strong>tantum</strong></span> <span class='ocrx_word' id='word_1_81' title='bbox 809 1083 864 1143; x_wconf 85' lang='lat' dir='ltr'><strong>hos</strong></span> <span class='ocrx_word' id='word_1_82' title='bbox 888 1092 918 1145; x_wconf 91' lang='lat' dir='ltr'><strong>et</strong></span> <span class='ocrx_word' id='word_1_83' title='bbox 940 1085 1075 1164; x_wconf 84' lang='lat' dir='ltr'><strong>proxima</strong></span> <span class='ocrx_word' id='word_1_84' title='bbox 1098 1083 1234 1144; x_wconf 82' lang='grc'><strong>666161666-</strong></span> <span class='ocrx_word' id='word_1_85' title='bbox 1252 1101 1276 1138; x_wconf 77' lang='lat' dir='ltr'><strong>ro</strong></span> 
     </span>
     <span class='ocr_line' id='line_1_12' title="bbox 221 1172 1236 1254; baseline -0.001 -21"><span class='ocrx_word' id='word_1_86' title='bbox 221 1174 259 1233; x_wconf 91' lang='lat' dir='ltr'><strong>tis</strong></span> <span class='ocrx_word' id='word_1_87' title='bbox 288 1180 372 1252; x_wconf 89' lang='lat' dir='ltr'><strong>parte</strong></span> <span class='ocrx_word' id='word_1_88' title='bbox 407 1173 501 1251; x_wconf 88' lang='lat' dir='ltr'><strong>gignit</strong></span> <span class='ocrx_word' id='word_1_89' title='bbox 535 1189 673 1232; x_wconf 86' lang='lat' dir='ltr'><strong>oceanus.</strong></span> <span class='ocrx_word' id='word_1_90' title='bbox 733 1179 835 1234; x_wconf 85' lang='lat' dir='ltr'><strong>cetero</strong></span> <span class='ocrx_word' id='word_1_91' title='bbox 864 1191 974 1252; x_wconf 85' lang='lat' dir='ltr'><strong>genera</strong></span> <span class='ocrx_word' id='word_1_92' title='bbox 1007 1188 1112 1234; x_wconf 86' lang='lat' dir='ltr'><strong>eorum</strong></span> <span class='ocrx_word' id='word_1_93' title='bbox 1140 1172 1236 1254; x_wconf 90' lang='lat' dir='ltr'><strong>plura.</strong></span> 
     </span>
     <span class='ocr_line' id='line_1_13' title="bbox 221 1261 1236 1342; baseline -0.002 -20"><span class='ocrx_word' id='word_1_94' title='bbox 221 1269 342 1322; x_wconf 89' lang='lat' dir='ltr'><strong>namet</strong></span> <span class='ocrx_word' id='word_1_95' title='bbox 365 1261 429 1340; x_wconf 88' lang='lat' dir='ltr'><strong>alga</strong></span> <span class='ocrx_word' id='word_1_96' title='bbox 452 1268 614 1320; x_wconf 86' lang='lat' dir='ltr'><strong>vescuntur</strong></span> <span class='ocrx_word' id='word_1_97' title='bbox 643 1269 674 1321; x_wconf 91' lang='lat' dir='ltr'><strong>et</strong></span> <span class='ocrx_word' id='word_1_98' title='bbox 696 1264 805 1321; x_wconf 90' lang='lat' dir='ltr'><strong>ostreis</strong></span> <span class='ocrx_word' id='word_1_99' title='bbox 828 1270 859 1322; x_wconf 92' lang='lat' dir='ltr'><strong>et</strong></span> <span class='ocrx_word' id='word_1_100' title='bbox 881 1261 951 1324; x_wconf 89' lang='lat' dir='ltr'><strong>limo</strong></span> <span class='ocrx_word' id='word_1_101' title='bbox 980 1270 1010 1322; x_wconf 91' lang='lat' dir='ltr'><strong>et</strong></span> <span class='ocrx_word' id='word_1_102' title='bbox 1037 1261 1162 1322; x_wconf 84' lang='grc'><strong>61166666</strong></span> <span class='ocrx_word' id='word_1_103' title='bbox 1192 1264 1236 1342; x_wconf 91' lang='lat' dir='ltr'><strong>pi-</strong></span> 
     </span>
     <span class='ocr_line' id='line_1_14' title="bbox 222 1347 1237 1429; baseline -0.001 -18"><span class='ocrx_word' id='word_1_104' title='bbox 222 1353 317 1411; x_wconf 81' lang='lat' dir='ltr'><strong>scium</strong></span> <span class='ocrx_word' id='word_1_105' title='bbox 336 1367 434 1429; x_wconf 77' lang='lat' dir='ltr'><strong>oarne,</strong></span> <span class='ocrx_word' id='word_1_106' title='bbox 460 1357 490 1409; x_wconf 90' lang='lat' dir='ltr'><strong>et</strong></span> <span class='ocrx_word' id='word_1_107' title='bbox 512 1347 604 1408; x_wconf 86' lang='lat' dir='ltr'><strong>barba</strong></span> <span class='ocrx_word' id='word_1_108' title='bbox 627 1352 744 1427; x_wconf 86' lang='lat' dir='ltr'><strong>gemina</strong></span> <span class='ocrx_word' id='word_1_109' title='bbox 767 1351 970 1428; x_wconf 76' lang='lat' dir='ltr'><strong>insigniuntur</strong></span> <span class='ocrx_word' id='word_1_110' title='bbox 990 1351 1126 1410; x_wconf 81' lang='lat' dir='ltr'><strong>interiori</strong></span> <span class='ocrx_word' id='word_1_111' title='bbox 1144 1349 1237 1410; x_wconf 87' lang='lat' dir='ltr'><strong>labro.</strong></span> 
     </span>
    </p>

    <p class='ocr_par' dir='ltr' id='par_1_4' title="bbox 170 1437 1277 1874">
     <span class='ocr_line' id='line_1_15' title="bbox 170 1437 1238 1520; baseline 0.001 -23"><span class='ocrx_word' id='word_1_112' title='bbox 170 1448 204 1497; x_wconf 83' lang='grc'><strong>66</strong></span> <span class='ocrx_word' id='word_1_113' title='bbox 222 1437 363 1499; x_wconf 87' lang='lat' dir='ltr'><strong>lutarium</strong></span> <span class='ocrx_word' id='word_1_114' title='bbox 387 1457 423 1498; x_wconf 84' lang='lat' dir='ltr'><strong>ex</strong></span> <span class='ocrx_word' id='word_1_115' title='bbox 446 1439 483 1498; x_wconf 86' lang='lat' dir='ltr'><strong>iis</strong></span> <span class='ocrx_word' id='word_1_116' title='bbox 510 1437 645 1498; x_wconf 85' lang='lat' dir='ltr'><strong>vilissimi</strong></span> <span class='ocrx_word' id='word_1_117' title='bbox 667 1440 786 1517; x_wconf 86' lang='lat' dir='ltr'><strong>generis</strong></span> <span class='ocrx_word' id='word_1_118' title='bbox 810 1437 966 1519; x_wconf 89' lang='lat' dir='ltr'><strong>appellant.</strong></span> <span class='ocrx_word' id='word_1_119' title='bbox 1012 1438 1092 1502; x_wconf 88' lang='lat' dir='ltr'><strong>huuc</strong></span> <span class='ocrx_word' id='word_1_120' title='bbox 1116 1457 1238 1520; x_wconf 79' lang='lat' dir='ltr'><strong>semper</strong></span> 
     </span>
     <span class='ocr_line' id='line_1_16' title="bbox 220 1526 1277 1609; baseline 0.001 -22"><span class='ocrx_word' id='word_1_121' title='bbox 220 1529 379 1587; x_wconf 80' lang='lat' dir='ltr'><strong>comitatur</strong></span> <span class='ocrx_word' id='word_1_122' title='bbox 403 1541 507 1605; x_wconf 81' lang='lat' dir='ltr'><strong>sargus</strong></span> <span class='ocrx_word' id='word_1_123' title='bbox 530 1527 649 1586; x_wconf 88' lang='lat' dir='ltr'><strong>nomine</strong></span> <span class='ocrx_word' id='word_1_124' title='bbox 673 1526 747 1586; x_wconf 78' lang='lat' dir='ltr'><strong>alitis</strong></span> <span class='ocrx_word' id='word_1_125' title='bbox 770 1529 874 1609; x_wconf 89' lang='lat' dir='ltr'><strong>piscis,</strong></span> <span class='ocrx_word' id='word_1_126' title='bbox 900 1535 930 1588; x_wconf 92' lang='lat' dir='ltr'><strong>et</strong></span> <span class='ocrx_word' id='word_1_127' title='bbox 954 1545 1079 1589; x_wconf 85' lang='lat' dir='ltr'><strong>caenum</strong></span> <span class='ocrx_word' id='word_1_128' title='bbox 1103 1527 1277 1588; x_wconf 71' lang='lat' dir='ltr'><strong>fodientem</strong></span> 
     </span>
     <span class='ocr_line' id='line_1_17' title="bbox 221 1613 1235 1696; baseline 0.002 -22"><span class='ocrx_word' id='word_1_129' title='bbox 221 1633 256 1675; x_wconf 89' lang='lat' dir='ltr'><strong>eo</strong></span> <span class='ocrx_word' id='word_1_130' title='bbox 276 1616 437 1675; x_wconf 86' lang='lat' dir='ltr'><strong>excitatum</strong></span> <span class='ocrx_word' id='word_1_131' title='bbox 455 1614 578 1675; x_wconf 82' lang='lat' dir='ltr'><strong>devorat</strong></span> <span class='ocrx_word' id='word_1_132' title='bbox 594 1613 745 1693; x_wconf 89' lang='lat' dir='ltr'><strong>pabulum.</strong></span> <span class='ocrx_word' id='word_1_133' title='bbox 777 1633 833 1676; x_wconf 89' lang='lat' dir='ltr'><strong>nec</strong></span> <span class='ocrx_word' id='word_1_134' title='bbox 852 1616 1016 1678; x_wconf 77' lang='lat' dir='ltr'><strong>litoralibus</strong></span> <span class='ocrx_word' id='word_1_135' title='bbox 1038 1618 1141 1696; x_wconf 82' lang='lat' dir='ltr'><strong>gratia.</strong></span> <span class='ocrx_word' id='word_1_136' title='bbox 1173 1616 1235 1677; x_wconf 90' lang='lat' dir='ltr'><strong>lau-</strong></span> 
     </span>
     <span class='ocr_line' id='line_1_18' title="bbox 221 1702 1235 1783; baseline 0 -19"><span class='ocrx_word' id='word_1_137' title='bbox 221 1703 365 1764; x_wconf 87' lang='lat' dir='ltr'><strong>datissimi</strong></span> <span class='ocrx_word' id='word_1_138' title='bbox 383 1702 571 1782; x_wconf 81' lang='lat' dir='ltr'><strong>conchylium</strong></span> <span class='ocrx_word' id='word_1_139' title='bbox 589 1705 715 1783; x_wconf 89' lang='lat' dir='ltr'><strong>sapiunt.</strong></span> <span class='ocrx_word' id='word_1_140' title='bbox 750 1721 859 1766; x_wconf 90' lang='lat' dir='ltr'><strong>nomen</strong></span> <span class='ocrx_word' id='word_1_141' title='bbox 874 1705 921 1766; x_wconf 90' lang='lat' dir='ltr'><strong>his</strong></span> <span class='ocrx_word' id='word_1_142' title='bbox 935 1703 1140 1766; x_wconf 86' lang='lat' dir='ltr'><strong>Fenestella</strong></span> <span class='ocrx_word' id='word_1_143' title='bbox 1155 1723 1172 1765; x_wconf 90' lang='lat' dir='ltr'><strong>a</strong></span> <span class='ocrx_word' id='word_1_144' title='bbox 1186 1721 1235 1765; x_wconf 90' lang='lat' dir='ltr'><strong>co-</strong></span> 
     </span>
     <span class='ocr_line' id='line_1_19' title="bbox 220 1790 1236 1874; baseline 0.003 -23"><span class='ocrx_word' id='word_1_145' title='bbox 220 1790 283 1851; x_wconf 91' lang='lat' dir='ltr'><strong>lore</strong></span> <span class='ocrx_word' id='word_1_146' title='bbox 307 1791 484 1852; x_wconf 89' lang='lat' dir='ltr'><strong>mulleorum</strong></span> <span class='ocrx_word' id='word_1_147' title='bbox 507 1791 768 1855; x_wconf 83' lang='lat' dir='ltr'><strong>calciamentorum</strong></span> <span class='ocrx_word' id='word_1_148' title='bbox 786 1794 889 1854; x_wconf 92' lang='lat' dir='ltr'><strong>datum</strong></span> <span class='ocrx_word' id='word_1_149' title='bbox 905 1802 999 1874; x_wconf 91' lang='lat' dir='ltr'><strong>putat.</strong></span> <span class='ocrx_word' id='word_1_150' title='bbox 1044 1795 1166 1874; x_wconf 88' lang='lat' dir='ltr'><strong>pariunt</strong></span> <span class='ocrx_word' id='word_1_151' title='bbox 1188 1801 1236 1854; x_wconf 87' lang='lat' dir='ltr'><strong>ter</strong></span> 
     </span>
    </p>

    <p class='ocr_par' dir='ltr' id='par_1_5' title="bbox 168 1880 1302 2672">
     <span class='ocr_line' id='line_1_20' title="bbox 168 1880 1236 1962; baseline 0.002 -22"><span class='ocrx_word' id='word_1_152' title='bbox 168 1891 202 1940; x_wconf 87' lang='grc'><strong>66</strong></span> <span class='ocrx_word' id='word_1_153' title='bbox 221 1883 314 1940; x_wconf 79' lang='lat' dir='ltr'><strong>annis,</strong></span> <span class='ocrx_word' id='word_1_154' title='bbox 360 1887 442 1941; x_wconf 89' lang='lat' dir='ltr'><strong>certe</strong></span> <span class='ocrx_word' id='word_1_155' title='bbox 465 1880 579 1941; x_wconf 68' lang='lat' dir='ltr'><strong>totiens</strong></span> <span class='ocrx_word' id='word_1_156' title='bbox 599 1882 697 1943; x_wconf 79' lang='lat' dir='ltr'><strong>fetura</strong></span> <span class='ocrx_word' id='word_1_157' title='bbox 715 1890 846 1962; x_wconf 88' lang='lat' dir='ltr'><strong>apparet.</strong></span> <span class='ocrx_word' id='word_1_158' title='bbox 891 1882 1015 1943; x_wconf 88' lang='lat' dir='ltr'><strong>mullum</strong></span> <span class='ocrx_word' id='word_1_159' title='bbox 1035 1885 1236 1962; x_wconf 82' lang='lat' dir='ltr'><strong>exspirantem</strong></span> 
     </span>
     <span class='ocr_line' id='line_1_21' title="bbox 220 1969 1277 2051; baseline 0.002 -22"><span class='ocrx_word' id='word_1_160' title='bbox 220 1969 393 2030; x_wconf 87' lang='lat' dir='ltr'><strong>versicolori</strong></span> <span class='ocrx_word' id='word_1_161' title='bbox 415 1971 542 2049; x_wconf 86' lang='lat' dir='ltr'><strong>quadam</strong></span> <span class='ocrx_word' id='word_1_162' title='bbox 560 1977 591 2030; x_wconf 92' lang='lat' dir='ltr'><strong>et</strong></span> <span class='ocrx_word' id='word_1_163' title='bbox 609 1989 769 2032; x_wconf 89' lang='lat' dir='ltr'><strong>numerosa</strong></span> <span class='ocrx_word' id='word_1_164' title='bbox 786 1973 928 2033; x_wconf 84' lang='lat' dir='ltr'><strong>varietate</strong></span> <span class='ocrx_word' id='word_1_165' title='bbox 947 1973 1075 2051; x_wconf 88' lang='lat' dir='ltr'><strong>spectari</strong></span> <span class='ocrx_word' id='word_1_166' title='bbox 1093 1989 1237 2050; x_wconf 90' lang='lat' dir='ltr'><strong>proceres</strong></span> <span class='ocrx_word' id='word_1_167' title='bbox 1252 1985 1277 2024; x_wconf 78' lang='lat' dir='ltr'><strong>ao</strong></span> 
     </span>
     <span class='ocr_line' id='line_1_22' title="bbox 220 2051 1236 2141; baseline 0.002 -24"><span class='ocrx_word' id='word_1_168' title='bbox 220 2057 306 2137; x_wconf 86' lang='lat' dir='ltr'><strong>gulae</strong></span> <span class='ocrx_word' id='word_1_169' title='bbox 327 2066 458 2140; x_wconf 79' lang='lat' dir='ltr'><strong>narratu,</strong></span> <span class='ocrx_word' id='word_1_170' title='bbox 476 2051 654 2121; x_wconf 80' lang='lat' dir='ltr'><strong>&#39;rubentium</strong></span> <span class='ocrx_word' id='word_1_171' title='bbox 678 2075 869 2139; x_wconf 85' lang='lat' dir='ltr'><strong>squamarum</strong></span> <span class='ocrx_word' id='word_1_172' title='bbox 891 2060 1048 2141; x_wconf 88' lang='lat' dir='ltr'><strong>multiplici</strong></span> <span class='ocrx_word' id='word_1_173' title='bbox 1072 2062 1236 2121; x_wconf 84' lang='lat' dir='ltr'><strong>mutatione</strong></span> 
     </span>
     <span class='ocr_line' id='line_1_23' title="bbox 220 2147 1237 2229; baseline 0 -21"><span class='ocrx_word' id='word_1_174' title='bbox 220 2147 441 2229; x_wconf 69' lang='lat' dir='ltr'><strong>pallescentem,</strong></span> <span class='ocrx_word' id='word_1_175' title='bbox 463 2149 568 2227; x_wconf 91' lang='lat' dir='ltr'><strong>utique</strong></span> <span class='ocrx_word' id='word_1_176' title='bbox 583 2150 609 2208; x_wconf 90' lang='lat' dir='ltr'><strong>si</strong></span> <span class='ocrx_word' id='word_1_177' title='bbox 623 2152 701 2209; x_wconf 80' lang='lat' dir='ltr'><strong>vitro</strong></span> <span class='ocrx_word' id='word_1_178' title='bbox 716 2157 869 2229; x_wconf 87' lang='lat' dir='ltr'><strong>spectetur</strong></span> <span class='ocrx_word' id='word_1_179' title='bbox 882 2148 1026 2211; x_wconf 79' lang='lat' dir='ltr'><strong>inclusus</strong></span> <span class='ocrx_word' id='word_1_180' title='bbox 1063 2148 1100 2209; x_wconf 87' lang='lat' dir='ltr'><strong>M.</strong></span> <span class='ocrx_word' id='word_1_181' title='bbox 1115 2148 1237 2229; x_wconf 75' lang='lat' dir='ltr'><strong>apicius</strong></span> 
     </span>
     <span class='ocr_line' id='line_1_24' title="bbox 221 2235 1302 2316; baseline 0.002 -20"><span class='ocrx_word' id='word_1_182' title='bbox 221 2235 257 2296; x_wconf 90' lang='lat' dir='ltr'><strong>ad</strong></span> <span class='ocrx_word' id='word_1_183' title='bbox 287 2255 374 2297; x_wconf 92' lang='lat' dir='ltr'><strong>omne</strong></span> <span class='ocrx_word' id='word_1_184' title='bbox 397 2235 485 2297; x_wconf 83' lang='lat' dir='ltr'><strong>luxus</strong></span> <span class='ocrx_word' id='word_1_185' title='bbox 513 2255 611 2313; x_wconf 73' lang='lat' dir='ltr'><strong>penus</strong></span> <span class='ocrx_word' id='word_1_186' title='bbox 641 2239 897 2316; x_wconf 81' lang='lat' dir='ltr'><strong>ingeniosissimus</strong></span> <span class='ocrx_word' id='word_1_187' title='bbox 927 2240 957 2298; x_wconf 90' lang='lat' dir='ltr'><strong>in</strong></span> <span class='ocrx_word' id='word_1_188' title='bbox 986 2239 1137 2298; x_wconf 88' lang='lat' dir='ltr'><strong>sociorum</strong></span> <span class='ocrx_word' id='word_1_189' title='bbox 1164 2255 1237 2316; x_wconf 83' lang='lat' dir='ltr'><strong>garo</strong></span> <span class='ocrx_word' id='word_1_190' title='bbox 1301 2247 1302 2256; x_wconf 64' lang='lat'><em>²</em></span> 
     </span>
     <span class='ocr_line' id='line_1_25' title="bbox 221 2328 1237 2406; baseline 0.001 -21"><span class='ocrx_word' id='word_1_191' title='bbox 221 2357 263 2368; x_wconf 86' lang='lat'><strong>-·-</strong></span> <span class='ocrx_word' id='word_1_192' title='bbox 287 2342 355 2386; x_wconf 89' lang='lat' dir='ltr'><strong>nam</strong></span> <span class='ocrx_word' id='word_1_193' title='bbox 382 2343 416 2386; x_wconf 90' lang='lat' dir='ltr'><strong>ea</strong></span> <span class='ocrx_word' id='word_1_194' title='bbox 440 2343 559 2404; x_wconf 85' lang='lat' dir='ltr'><strong>quoque</strong></span> <span class='ocrx_word' id='word_1_195' title='bbox 587 2344 637 2386; x_wconf 90' lang='lat' dir='ltr'><strong>res</strong></span> <span class='ocrx_word' id='word_1_196' title='bbox 665 2343 828 2406; x_wconf 87' lang='lat' dir='ltr'><strong>cognomen</strong></span> <span class='ocrx_word' id='word_1_197' title='bbox 857 2328 969 2388; x_wconf 86' lang='lat' dir='ltr'><strong>invenit</strong></span> <span class='ocrx_word' id='word_1_198' title='bbox 993 2359 1036 2368; x_wconf 89' lang='lat'>-</span> <span class='ocrx_word' id='word_1_199' title='bbox 1059 2329 1161 2386; x_wconf 87' lang='lat' dir='ltr'><strong>necari</strong></span> <span class='ocrx_word' id='word_1_200' title='bbox 1184 2345 1237 2386; x_wconf 87' lang='lat' dir='ltr'><strong>eos</strong></span> 
     </span>
     <span class='ocr_line' id='line_1_26' title="bbox 219 2413 1302 2494; baseline -0.004 -20"><span class='ocrx_word' id='word_1_201' title='bbox 219 2413 402 2493; x_wconf 86' lang='lat' dir='ltr'><strong>praecellens</strong></span> <span class='ocrx_word' id='word_1_202' title='bbox 425 2417 539 2492; x_wconf 87' lang='lat' dir='ltr'><strong>putavit</strong></span> <span class='ocrx_word' id='word_1_203' title='bbox 569 2422 659 2494; x_wconf 85' lang='lat' dir='ltr'><strong>atque</strong></span> <span class='ocrx_word' id='word_1_204' title='bbox 687 2434 703 2475; x_wconf 94' lang='lat' dir='ltr'><strong>e</strong></span> <span class='ocrx_word' id='word_1_205' title='bbox 727 2418 826 2476; x_wconf 88' lang='lat' dir='ltr'><strong>iecore</strong></span> <span class='ocrx_word' id='word_1_206' title='bbox 855 2433 960 2476; x_wconf 90' lang='lat' dir='ltr'><strong>eorum</strong></span> <span class='ocrx_word' id='word_1_207' title='bbox 983 2415 1095 2476; x_wconf 85' lang='lat' dir='ltr'><strong>elecem</strong></span> <span class='ocrx_word' id='word_1_208' title='bbox 1118 2415 1236 2494; x_wconf 76' lang='lat' dir='ltr'><strong>exregi·</strong></span> <span class='ocrx_word' id='word_1_209' title='bbox 1253 2429 1277 2470; x_wconf 76' lang='lat' dir='ltr'><strong>aa</strong></span> <span class='ocrx_word' id='word_1_210' title='bbox 1301 2415 1302 2432; x_wconf 66' lang='lat'>¹</span> 
     </span>
     <span class='ocr_line' id='line_1_27' title="bbox 221 2503 1236 2583; baseline 0.002 -22"><span class='ocrx_word' id='word_1_211' title='bbox 221 2509 284 2562; x_wconf 86' lang='lat' dir='ltr'><strong>tare</strong></span> <span class='ocrx_word' id='word_1_212' title='bbox 306 2504 484 2582; x_wconf 83' lang='lat' dir='ltr'><strong>provocavit.</strong></span> <span class='ocrx_word' id='word_1_213' title='bbox 526 2503 555 2562; x_wconf 92' lang='lat' dir='ltr'><strong>id</strong></span> <span class='ocrx_word' id='word_1_214' title='bbox 583 2507 663 2564; x_wconf 91' lang='lat' dir='ltr'><strong>enim</strong></span> <span class='ocrx_word' id='word_1_215' title='bbox 693 2511 739 2564; x_wconf 90' lang='lat' dir='ltr'><strong>est</strong></span> <span class='ocrx_word' id='word_1_216' title='bbox 768 2504 884 2566; x_wconf 83' lang='lat' dir='ltr'><strong>facilius</strong></span> <span class='ocrx_word' id='word_1_217' title='bbox 912 2505 1021 2565; x_wconf 85' lang='lat' dir='ltr'><strong>dixisse</strong></span> <span class='ocrx_word' id='word_1_218' title='bbox 1051 2521 1139 2583; x_wconf 86' lang='lat' dir='ltr'><strong>quam</strong></span> <span class='ocrx_word' id='word_1_219' title='bbox 1168 2505 1236 2582; x_wconf 82' lang='lat' dir='ltr'><strong>qrris</strong></span> 
     </span>
     <span class='ocr_line' id='line_1_28' title="bbox 220 2592 1302 2672; baseline 0.003 -23"><span class='ocrx_word' id='word_1_220' title='bbox 220 2592 334 2652; x_wconf 85' lang='lat' dir='ltr'><strong>vicerit.</strong></span> <span class='ocrx_word' id='word_1_221' title='bbox 1301 2611 1302 2672; x_wconf 71' lang='grc'><strong>1</strong></span> 
     </span>
    </p>

    <p class='ocr_par' dir='ltr' id='par_1_6' title="bbox 169 2673 1302 2851">
     <span class='ocr_line' id='line_1_29' title="bbox 169 2673 1302 2766; baseline 0.001 -25"><span class='ocrx_word' id='word_1_222' title='bbox 169 2691 203 2741; x_wconf 80' lang='lat' dir='ltr'><strong>ot</strong></span> <span class='ocrx_word' id='word_1_223' title='bbox 289 2673 363 2762; x_wconf 81' lang='lat'>(31)</span> <span class='ocrx_word' id='word_1_224' title='bbox 386 2680 506 2742; x_wconf 82' lang='lat' dir='ltr'><strong>Asinius</strong></span> <span class='ocrx_word' id='word_1_225' title='bbox 530 2679 632 2742; x_wconf 89' lang='lat' dir='ltr'><strong>Celer</strong></span> <span class='ocrx_word' id='word_1_226' title='bbox 656 2699 672 2741; x_wconf 88' lang='grc'><strong>6</strong></span> <span class='ocrx_word' id='word_1_227' title='bbox 692 2681 899 2742; x_wconf 85' lang='lat' dir='ltr'><strong>consularibus</strong></span> <span class='ocrx_word' id='word_1_228' title='bbox 917 2682 974 2742; x_wconf 91' lang='lat' dir='ltr'><strong>hoo</strong></span> <span class='ocrx_word' id='word_1_229' title='bbox 993 2684 1075 2762; x_wconf 86' lang='lat' dir='ltr'><strong>pisce</strong></span> <span class='ocrx_word' id='word_1_230' title='bbox 1093 2682 1238 2760; x_wconf 89' lang='lat' dir='ltr'><strong>prodigus</strong></span> <span class='ocrx_word' id='word_1_231' title='bbox 1301 2677 1302 2766; x_wconf 77' lang='grc'><strong>1</strong></span> 
     </span>
     <span class='ocr_line' id='line_1_30' title="bbox 225 2769 1302 2851; baseline 0 -22"><span class='ocrx_word' id='word_1_232' title='bbox 225 2770 301 2830; x_wconf 76' lang='lat' dir='ltr'><strong>(laio</strong></span> <span class='ocrx_word' id='word_1_233' title='bbox 319 2770 453 2848; x_wconf 87' lang='lat' dir='ltr'><strong>principe</strong></span> <span class='ocrx_word' id='word_1_234' title='bbox 474 2787 567 2830; x_wconf 85' lang='grc'><strong>66666</strong></span> <span class='ocrx_word' id='word_1_235' title='bbox 585 2779 734 2831; x_wconf 88' lang='lat' dir='ltr'><strong>mercatus</strong></span> <span class='ocrx_word' id='word_1_236' title='bbox 757 2772 816 2833; x_wconf 84' lang='lat' dir='ltr'><strong>HS.</strong></span> <span class='ocrx_word' id='word_1_237' title='bbox 837 2769 916 2835; x_wconf 67' lang='grc' dir='ltr'><em>ῑῐΙῖΙ</em></span> <span class='ocrx_word' id='word_1_238' title='bbox 935 2770 1070 2851; x_wconf 83' lang='lat' dir='ltr'><strong>mullum3</strong></span> <span class='ocrx_word' id='word_1_239' title='bbox 1094 2787 1170 2848; x_wconf 86' lang='lat' dir='ltr'><strong>quae</strong></span> <span class='ocrx_word' id='word_1_240' title='bbox 1189 2788 1238 2830; x_wconf 90' lang='lat' dir='ltr'><strong>re·</strong></span> <span class='ocrx_word' id='word_1_241' title='bbox 1301 2775 1302 2780; x_wconf 77' lang='grc'>’</span> 
     </span>
    </p>
   </div>
   <div class='ocr_carea' id='block_1_3' title="bbox 221 2975 1241 3687">
    <p class='ocr_par' dir='ltr' id='par_1_7' title="bbox 221 2975 1240 3174">
     <span class='ocr_line' id='line_1_31' title="bbox 293 2975 1164 3047; baseline 0 -17"><span class='ocrx_word' id='word_1_242' title='bbox 293 2976 414 3032; x_wconf 85' lang='grc'><strong>4166661</strong></span> <span class='ocrx_word' id='word_1_243' title='bbox 432 2977 524 3031; x_wconf 77' lang='grc'><strong>116661.</strong></span> <span class='ocrx_word' id='word_1_244' title='bbox 559 2993 639 3046; x_wconf 87' lang='lat' dir='ltr'><strong>peco-</strong></span> <span class='ocrx_word' id='word_1_245' title='bbox 658 2983 690 3031; x_wconf 80' lang='lat' dir='ltr'><strong>lt.</strong></span> <span class='ocrx_word' id='word_1_246' title='bbox 724 2993 787 3047; x_wconf 90' lang='lat' dir='ltr'><strong>pec·</strong></span> <span class='ocrx_word' id='word_1_247' title='bbox 807 2995 830 3032; x_wconf 86' lang='lat' dir='ltr'><strong>r.</strong></span> <span class='ocrx_word' id='word_1_248' title='bbox 910 2976 1067 3031; x_wconf 76' lang='lat' dir='ltr'><strong>dmurenis</strong></span> <span class='ocrx_word' id='word_1_249' title='bbox 1085 2975 1164 3030; x_wconf 66' lang='lat'>2²⁸².</span> 
     </span>
     <span class='ocr_line' id='line_1_32' title="bbox 222 3047 1240 3118; baseline 0.002 -18"><span class='ocrx_word' id='word_1_250' title='bbox 222 3053 254 3102; x_wconf 90' lang='lat'><strong>11</strong></span> <span class='ocrx_word' id='word_1_251' title='bbox 274 3065 330 3102; x_wconf 90' lang='lat' dir='ltr'><strong>non</strong></span> <span class='ocrx_word' id='word_1_252' title='bbox 348 3049 441 3118; x_wconf 82' lang='lat' dir='ltr'><strong>gignit</strong></span> <span class='ocrx_word' id='word_1_253' title='bbox 458 3047 507 3101; x_wconf 62' lang='lat' dir='ltr'><strong>el:</strong></span> <span class='ocrx_word' id='word_1_254' title='bbox 570 3054 601 3101; x_wconf 89' lang='grc'><strong>13</strong></span> <span class='ocrx_word' id='word_1_255' title='bbox 621 3048 709 3102; x_wconf 86' lang='lat' dir='ltr'><strong>barbe</strong></span> <span class='ocrx_word' id='word_1_256' title='bbox 726 3054 758 3103; x_wconf 77' lang='lat' dir='ltr'><strong>lt.</strong></span> <span class='ocrx_word' id='word_1_257' title='bbox 786 3050 817 3102; x_wconf 81' lang='grc'><strong>61</strong></span> <span class='ocrx_word' id='word_1_258' title='bbox 833 3047 922 3101; x_wconf 84' lang='lat' dir='ltr'><strong>barba</strong></span> <span class='ocrx_word' id='word_1_259' title='bbox 939 3064 963 3103; x_wconf 95' lang='grc'><strong>6.</strong></span> <span class='ocrx_word' id='word_1_260' title='bbox 1050 3048 1240 3103; x_wconf 78' lang='grc' dir='ltr'><strong>141616τί666</strong></span> 
     </span>
     <span class='ocr_line' id='line_1_33' title="bbox 221 3117 1238 3174; baseline 0.001 -3"><span class='ocrx_word' id='word_1_261' title='bbox 221 3119 284 3172; x_wconf 69' lang='lat'>1¹11.</span> <span class='ocrx_word' id='word_1_262' title='bbox 313 3119 460 3174; x_wconf 70' lang='lat' dir='ltr'><strong>teramum</strong></span> <span class='ocrx_word' id='word_1_263' title='bbox 478 3135 501 3174; x_wconf 84' lang='lat' dir='ltr'><strong>r.</strong></span> <span class='ocrx_word' id='word_1_264' title='bbox 576 3125 610 3173; x_wconf 88' lang='grc'><strong>16</strong></span> <span class='ocrx_word' id='word_1_265' title='bbox 628 3118 787 3174; x_wconf 83' lang='lat' dir='ltr'><strong>litoralibus</strong></span> <span class='ocrx_word' id='word_1_266' title='bbox 809 3136 834 3174; x_wconf 94' lang='grc'><strong>6.</strong></span> <span class='ocrx_word' id='word_1_267' title='bbox 862 3117 940 3172; x_wconf 85' lang='lat' dir='ltr'><strong>-relis</strong></span> <span class='ocrx_word' id='word_1_268' title='bbox 959 3118 1004 3173; x_wconf 83' lang='lat' dir='ltr'><strong>his</strong></span> <span class='ocrx_word' id='word_1_269' title='bbox 1023 3119 1099 3172; x_wconf 65' lang='lat'>1²⁸⁹.</span> <span class='ocrx_word' id='word_1_270' title='bbox 1126 3117 1195 3173; x_wconf 82' lang='lat' dir='ltr'><strong>ralis</strong></span> <span class='ocrx_word' id='word_1_271' title='bbox 1214 3135 1238 3173; x_wconf 87' lang='lat' dir='ltr'><strong>r.</strong></span> 
     </span>
    </p>

    <p class='ocr_par' dir='ltr' id='par_1_8' title="bbox 221 3190 1241 3687">
     <span class='ocr_line' id='line_1_34' title="bbox 294 3190 1238 3258; baseline 0 -14"><span class='ocrx_word' id='word_1_272' title='bbox 294 3195 326 3244; x_wconf 86' lang='lat'><strong>18</strong></span> <span class='ocrx_word' id='word_1_273' title='bbox 345 3191 513 3245; x_wconf 86' lang='lat' dir='ltr'><strong>mulleorum</strong></span> <span class='ocrx_word' id='word_1_274' title='bbox 531 3195 562 3243; x_wconf 80' lang='lat' dir='ltr'><strong>tt.</strong></span> <span class='ocrx_word' id='word_1_275' title='bbox 590 3190 701 3246; x_wconf 91' lang='lat' dir='ltr'><strong>mollio-</strong></span> <span class='ocrx_word' id='word_1_276' title='bbox 720 3209 744 3244; x_wconf 78' lang='lat' dir='ltr'><strong>a.</strong></span> <span class='ocrx_word' id='word_1_277' title='bbox 776 3190 893 3246; x_wconf 86' lang='lat' dir='ltr'><strong>melleo·</strong></span> <span class='ocrx_word' id='word_1_278' title='bbox 911 3206 934 3243; x_wconf 84' lang='lat' dir='ltr'><strong>r.</strong></span> <span class='ocrx_word' id='word_1_279' title='bbox 1042 3191 1238 3258; x_wconf 71' lang='grc'><strong>2261166661.</strong></span> 
     </span>
     <span class='ocr_line' id='line_1_35' title="bbox 221 3260 1241 3342; baseline 0 -26"><span class='ocrx_word' id='word_1_280' title='bbox 221 3261 289 3316; x_wconf 81' lang='lat' dir='ltr'><strong>uiri-</strong></span> <span class='ocrx_word' id='word_1_281' title='bbox 307 3278 331 3317; x_wconf 85' lang='lat' dir='ltr'><strong>r</strong></span> <span class='ocrx_word' id='word_1_282' title='bbox 366 3263 370 3330; x_wconf 97' lang='grc'><strong>1</strong></span> <span class='ocrx_word' id='word_1_283' title='bbox 403 3262 519 3316; x_wconf 81' lang='grc'><strong>611666</strong></span> <span class='ocrx_word' id='word_1_284' title='bbox 551 3261 627 3316; x_wconf 85' lang='lat' dir='ltr'><strong>ultro</strong></span> <span class='ocrx_word' id='word_1_285' title='bbox 645 3260 721 3315; x_wconf 66' lang='lat' dir='ltr'><strong>laad</strong></span> <span class='ocrx_word' id='word_1_286' title='bbox 749 3261 881 3316; x_wconf 80' lang='grc'><strong>6116666.</strong></span> <span class='ocrx_word' id='word_1_287' title='bbox 971 3266 1006 3315; x_wconf 74' lang='grc'><strong>26</strong></span> <span class='ocrx_word' id='word_1_288' title='bbox 1025 3275 1113 3342; x_wconf 82' lang='lat' dir='ltr'><strong>genus</strong></span> <span class='ocrx_word' id='word_1_289' title='bbox 1131 3262 1241 3316; x_wconf 74' lang='grc'><strong>1666661</strong></span> 
     </span>
     <span class='ocr_line' id='line_1_36' title="bbox 222 3331 1241 3403; baseline -0.003 -15"><span class='ocrx_word' id='word_1_290' title='bbox 222 3349 277 3402; x_wconf 74' lang='lat' dir='ltr'><strong>epo.</strong></span> <span class='ocrx_word' id='word_1_291' title='bbox 307 3335 311 3401; x_wconf 97' lang='grc'><strong>1</strong></span> <span class='ocrx_word' id='word_1_292' title='bbox 339 3332 588 3403; x_wconf 81' lang='lat' dir='ltr'><strong>ingeniosissimus</strong></span> <span class='ocrx_word' id='word_1_293' title='bbox 604 3349 659 3402; x_wconf 81' lang='lat' dir='ltr'><strong>epo.</strong></span> <span class='ocrx_word' id='word_1_294' title='bbox 691 3331 836 3402; x_wconf 83' lang='lat' dir='ltr'><strong>ingenium</strong></span> <span class='ocrx_word' id='word_1_295' title='bbox 862 3332 947 3402; x_wconf 90' lang='lat' dir='ltr'><strong>(-nior</strong></span> <span class='ocrx_word' id='word_1_296' title='bbox 968 3333 994 3400; x_wconf 83' lang='lat' dir='ltr'><strong>d)</strong></span> <span class='ocrx_word' id='word_1_297' title='bbox 1019 3331 1111 3386; x_wconf 78' lang='lat' dir='ltr'><strong>maius</strong></span> <span class='ocrx_word' id='word_1_298' title='bbox 1136 3331 1164 3386; x_wconf 91' lang='grc'><strong>11.</strong></span> <span class='ocrx_word' id='word_1_299' title='bbox 1202 3332 1241 3385; x_wconf 82' lang='lat' dir='ltr'><strong>ad</strong></span> 
     </span>
     <span class='ocr_line' id='line_1_37' title="bbox 223 3403 1240 3473; baseline -0.002 -15"><span class='ocrx_word' id='word_1_300' title='bbox 223 3419 334 3458; x_wconf 89' lang='lat' dir='ltr'><strong>omnem</strong></span> <span class='ocrx_word' id='word_1_301' title='bbox 352 3404 476 3458; x_wconf 88' lang='lat' dir='ltr'><strong>luxum</strong></span> <span class='ocrx_word' id='word_1_302' title='bbox 467 3421 497 3458; x_wconf 88' lang='lat' dir='ltr'><strong>m</strong></span> <span class='ocrx_word' id='word_1_303' title='bbox 515 3419 606 3473; x_wconf 82' lang='lat' dir='ltr'><strong>ganea</strong></span> <span class='ocrx_word' id='word_1_304' title='bbox 623 3405 707 3458; x_wconf 81' lang='lat' dir='ltr'><strong>natus</strong></span> <span class='ocrx_word' id='word_1_305' title='bbox 725 3405 794 3458; x_wconf 80' lang='lat' dir='ltr'><strong>coni</strong></span> <span class='ocrx_word' id='word_1_306' title='bbox 815 3403 915 3459; x_wconf 82' lang='grc'><strong>16666.</strong></span> <span class='ocrx_word' id='word_1_307' title='bbox 972 3406 1006 3458; x_wconf 79' lang='lat'><strong>28</strong></span> <span class='ocrx_word' id='word_1_308' title='bbox 1020 3407 1086 3472; x_wconf 79' lang='lat' dir='ltr'><strong>poet</strong></span> <span class='ocrx_word' id='word_1_309' title='bbox 1103 3403 1240 3473; x_wconf 78' lang='lat' dir='ltr'><strong>prodigus</strong></span> 
     </span>
     <span class='ocr_line' id='line_1_38' title="bbox 222 3471 1240 3530; baseline -0.001 -1"><span class='ocrx_word' id='word_1_310' title='bbox 222 3474 321 3529; x_wconf 80' lang='grc'><strong>16616661</strong></span> <span class='ocrx_word' id='word_1_311' title='bbox 338 3491 434 3529; x_wconf 85' lang='lat' dir='ltr'><strong>onmes</strong></span> <span class='ocrx_word' id='word_1_312' title='bbox 452 3493 477 3529; x_wconf 75' lang='grc' dir='ltr'>ι</span> <span class='ocrx_word' id='word_1_313' title='bbox 501 3492 561 3530; x_wconf 83' lang='lat' dir='ltr'><strong>ome</strong></span> <span class='ocrx_word' id='word_1_314' title='bbox 578 3480 610 3528; x_wconf 76' lang='lat' dir='ltr'><strong>a</strong></span> <span class='ocrx_word' id='word_1_315' title='bbox 636 3478 760 3530; x_wconf 76' lang='lat' dir='ltr'><strong>omenti.</strong></span> <span class='ocrx_word' id='word_1_316' title='bbox 781 3491 868 3530; x_wconf 83' lang='grc'><strong>6666.</strong></span> <span class='ocrx_word' id='word_1_317' title='bbox 887 3490 938 3529; x_wconf 88' lang='lat' dir='ltr'><strong>om.</strong></span> <span class='ocrx_word' id='word_1_318' title='bbox 957 3491 981 3528; x_wconf 90' lang='grc'><strong>6.</strong></span> <span class='ocrx_word' id='word_1_319' title='bbox 1018 3471 1139 3528; x_wconf 73' lang='grc'><strong>290616</strong></span> <span class='ocrx_word' id='word_1_320' title='bbox 1170 3474 1240 3528; x_wconf 84' lang='lat' dir='ltr'><strong>Dal</strong></span> 
     </span>
     <span class='ocr_line' id='line_1_39' title="bbox 224 3543 1240 3614; baseline 0.004 -18"><span class='ocrx_word' id='word_1_321' title='bbox 224 3543 253 3596; x_wconf 83' lang='lat'><strong>0.</strong></span> <span class='ocrx_word' id='word_1_322' title='bbox 277 3545 305 3597; x_wconf 91' lang='grc'><strong>11.</strong></span> <span class='ocrx_word' id='word_1_323' title='bbox 338 3545 454 3600; x_wconf 79' lang='lat' dir='ltr'><strong>Claudio</strong></span> <span class='ocrx_word' id='word_1_324' title='bbox 473 3547 533 3601; x_wconf 84' lang='lat' dir='ltr'><strong>edd</strong></span> <span class='ocrx_word' id='word_1_325' title='bbox 552 3552 615 3600; x_wconf 76' lang='lat' dir='ltr'><strong>orate</strong></span> <span class='ocrx_word' id='word_1_326' title='bbox 633 3545 764 3614; x_wconf 80' lang='grc'><strong>11611</strong></span> <span class='ocrx_word' id='word_1_327' title='bbox 777 3545 832 3600; x_wconf 89' lang='lat' dir='ltr'><strong>HS</strong></span> <span class='ocrx_word' id='word_1_328' title='bbox 854 3565 912 3605; x_wconf 86' lang='grc'><strong>6666</strong></span> <span class='ocrx_word' id='word_1_329' title='bbox 932 3547 1030 3600; x_wconf 77' lang='lat' dir='ltr'><strong>Ionae.</strong></span> <span class='ocrx_word' id='word_1_330' title='bbox 1072 3545 1106 3598; x_wconf 81' lang='lat' dir='ltr'><strong>tt.</strong></span> <span class='ocrx_word' id='word_1_331' title='bbox 1124 3543 1192 3600; x_wconf 77' lang='lat' dir='ltr'><strong>Vnt</strong></span> <span class='ocrx_word' id='word_1_332' title='bbox 1211 3547 1240 3600; x_wconf 90' lang='grc'><strong>11</strong></span> 
     </span>
     <span class='ocr_line' id='line_1_40' title="bbox 225 3613 812 3687; baseline 0.009 -21"><span class='ocrx_word' id='word_1_333' title='bbox 225 3613 356 3682; x_wconf 85' lang='grc'><strong>1666616666</strong></span> <span class='ocrx_word' id='word_1_334' title='bbox 373 3622 404 3670; x_wconf 85' lang='lat' dir='ltr'><strong>tt.</strong></span> <span class='ocrx_word' id='word_1_335' title='bbox 434 3619 439 3686; x_wconf 95' lang='grc'><strong>1</strong></span> <span class='ocrx_word' id='word_1_336' title='bbox 468 3617 608 3687; x_wconf 76' lang='lat' dir='ltr'><strong>reputatio</strong></span> <span class='ocrx_word' id='word_1_337' title='bbox 626 3617 668 3670; x_wconf 69' lang='lat' dir='ltr'><strong>ll²</strong></span> <span class='ocrx_word' id='word_1_338' title='bbox 697 3617 812 3672; x_wconf 89' lang='lat' dir='ltr'><strong>i-oner.</strong></span> 
     </span>
    </p>
   </div>
   <div class='ocr_carea' id='block_1_4' title="bbox 0 0 1321 3948">
    <p class='ocr_par' dir='ltr' id='par_1_9' title="bbox 0 0 1321 3948">
     <span class='ocr_line' id='line_1_41' title="bbox 0 0 1321 3948; baseline 0 0"><span class='ocrx_word' id='word_1_339' title='bbox 0 0 1321 3948; x_wconf 95' lang='lat' dir='ltr'><strong> </strong></span> 
     </span>
    </p>
   </div>
  </div>
 </body>
</html>
