<?xml version="1.0" encoding="UTF-8"?>
<!DOCTYPE html PUBLIC "-//W3C//DTD XHTML 1.0 Transitional//EN"
    "http://www.w3.org/TR/xhtml1/DTD/xhtml1-transitional.dtd">
<html xmlns="http://www.w3.org/1999/xhtml" xml:lang="en" lang="en">
 <head>
  <title>
</title>
<meta http-equiv="Content-Type" content="text/html;charset=utf-8" />
  <meta name='ocr-system' content='tesseract 3.04.00' />
  <meta name='ocr-capabilities' content='ocr_page ocr_carea ocr_par ocr_line ocrx_word'/>
</head>
<body>
  <div class='ocr_page' id='page_1' title='image "./cplinisecundina02mayhgoog_0169.png"; bbox 0 0 2620 3948; ppageno 0'>
   <div class='ocr_carea' id='block_1_1' title="bbox 207 82 910 194">
    <p class='ocr_par' dir='ltr' id='par_1_1' title="bbox 207 82 910 194">
     <span class='ocr_line' id='line_1_1' title="bbox 207 82 910 194; baseline -0.026 1"><span class='ocrx_word' id='word_1_1' title='bbox 207 131 270 194; x_wconf 78' lang='lat'>124</span> <span class='ocrx_word' id='word_1_2' title='bbox 559 127 588 182; x_wconf 82' lang='lat' dir='ltr'>n</span> <span class='ocrx_word' id='word_1_3' title='bbox 607 126 706 182; x_wconf 82' lang='lat' dir='ltr'>ruini</span> <span class='ocrx_word' id='word_1_4' title='bbox 725 95 883 182; x_wconf 78' lang='lat' dir='ltr'>succum</span> <span class='ocrx_word' id='word_1_5' title='bbox 906 82 910 86; x_wconf 39' lang='lat'><strong>⁴</strong></span> 
     </span>
    </p>
   </div>
   <div class='ocr_carea' id='block_1_2' title="bbox 146 275 1299 3110">
    <p class='ocr_par' dir='ltr' id='par_1_2' title="bbox 205 275 1288 448">
     <span class='ocr_line' id='line_1_2' title="bbox 205 275 1288 358; baseline -0.002 -18"><span class='ocrx_word' id='word_1_6' title='bbox 205 280 365 340; x_wconf 85' lang='lat' dir='ltr'>redeuntes</span> <span class='ocrx_word' id='word_1_7' title='bbox 379 281 411 338; x_wconf 86' lang='lat' dir='ltr'>in</span> <span class='ocrx_word' id='word_1_8' title='bbox 424 294 507 338; x_wconf 87' lang='lat' dir='ltr'>mare</span> <span class='ocrx_word' id='word_1_9' title='bbox 520 284 661 337; x_wconf 88' lang='lat' dir='ltr'>autumno</span> <span class='ocrx_word' id='word_1_10' title='bbox 676 278 843 358; x_wconf 72' lang='lat' dir='ltr'><strong>comitatur,</strong></span> <span class='ocrx_word' id='word_1_11' title='bbox 868 275 1018 355; x_wconf 75' lang='lat' dir='ltr'>[limosae]</span> <span class='ocrx_word' id='word_1_12' title='bbox 1036 293 1106 339; x_wconf 87' lang='lat' dir='ltr'>vere</span> <span class='ocrx_word' id='word_1_13' title='bbox 1120 285 1221 338; x_wconf 82' lang='lat' dir='ltr'>autem</span> <span class='ocrx_word' id='word_1_14' title='bbox 1285 323 1288 328; x_wconf 84' lang='lat'>.</span> 
     </span>
     <span class='ocr_line' id='line_1_3' title="bbox 205 367 1220 448; baseline -0.003 -19"><span class='ocrx_word' id='word_1_15' title='bbox 205 389 221 429; x_wconf 90' lang='lat' dir='ltr'>e</span> <span class='ocrx_word' id='word_1_16' title='bbox 245 369 308 428; x_wconf 88' lang='lat' dir='ltr'>luto</span> <span class='ocrx_word' id='word_1_17' title='bbox 330 367 499 446; x_wconf 79' lang='lat' dir='ltr'>pelamydes</span> <span class='ocrx_word' id='word_1_18' title='bbox 521 367 668 444; x_wconf 89' lang='lat' dir='ltr'>incipiunt</span> <span class='ocrx_word' id='word_1_19' title='bbox 691 368 790 426; x_wconf 88' lang='lat' dir='ltr'>vocari</span> <span class='ocrx_word' id='word_1_20' title='bbox 812 373 852 448; x_wconf 91' lang='lat' dir='ltr'>et,</span> <span class='ocrx_word' id='word_1_21' title='bbox 875 385 943 428; x_wconf 87' lang='lat' dir='ltr'>cnm</span> <span class='ocrx_word' id='word_1_22' title='bbox 967 385 1098 428; x_wconf 79' lang='lat' dir='ltr'>annatim</span> <span class='ocrx_word' id='word_1_23' title='bbox 1117 384 1220 426; x_wconf 82' lang='lat' dir='ltr'>exces-</span> 
     </span>
    </p>

    <p class='ocr_par' dir='ltr' id='par_1_3' title="bbox 152 452 1224 626">
     <span class='ocr_line' id='line_1_4' title="bbox 152 452 1221 537; baseline -0.003 -19"><span class='ocrx_word' id='word_1_24' title='bbox 152 469 186 518; x_wconf 80' lang='grc'>48</span> <span class='ocrx_word' id='word_1_25' title='bbox 206 475 272 518; x_wconf 90' lang='lat' dir='ltr'>sere</span> <span class='ocrx_word' id='word_1_26' title='bbox 296 464 424 537; x_wconf 89' lang='lat' dir='ltr'>tempus,</span> <span class='ocrx_word' id='word_1_27' title='bbox 447 454 559 534; x_wconf 81' lang='lat' dir='ltr'>thynni.</span> <span class='ocrx_word' id='word_1_28' title='bbox 604 455 636 514; x_wconf 90' lang='lat' dir='ltr'>hi</span> <span class='ocrx_word' id='word_1_29' title='bbox 658 452 846 514; x_wconf 79' lang='lat' dir='ltr'>membratim</span> <span class='ocrx_word' id='word_1_30' title='bbox 870 457 948 515; x_wconf 90' lang='lat' dir='ltr'>caesi</span> <span class='ocrx_word' id='word_1_31' title='bbox 971 457 1087 516; x_wconf 86' lang='lat' dir='ltr'>cervice</span> <span class='ocrx_word' id='word_1_32' title='bbox 1116 462 1146 516; x_wconf 89' lang='lat' dir='ltr'>et</span> <span class='ocrx_word' id='word_1_33' title='bbox 1169 453 1221 515; x_wconf 91' lang='lat' dir='ltr'>ab-</span> 
     </span>
     <span class='ocr_line' id='line_1_5' title="bbox 207 539 1224 626; baseline -0.002 -20"><span class='ocrx_word' id='word_1_34' title='bbox 207 546 324 606; x_wconf 81' lang='lat' dir='ltr'>dondne</span> <span class='ocrx_word' id='word_1_35' title='bbox 348 543 594 606; x_wconf 89' lang='lat' dir='ltr'>commendantur</span> <span class='ocrx_word' id='word_1_36' title='bbox 617 551 705 622; x_wconf 89' lang='lat' dir='ltr'>atque</span> <span class='ocrx_word' id='word_1_37' title='bbox 729 542 830 625; x_wconf 81' lang='lat' dir='ltr'>clidio,</span> <span class='ocrx_word' id='word_1_38' title='bbox 860 539 982 604; x_wconf 91' lang='lat' dir='ltr'>recenti</span> <span class='ocrx_word' id='word_1_39' title='bbox 998 543 1162 626; x_wconf 77' lang='lat' dir='ltr'>dumtaxat,</span> <span class='ocrx_word' id='word_1_40' title='bbox 1191 552 1224 604; x_wconf 91' lang='lat' dir='ltr'>et</span> 
     </span>
    </p>

    <p class='ocr_par' dir='ltr' id='par_1_4' title="bbox 166 632 1299 1157">
     <span class='ocr_line' id='line_1_6' title="bbox 166 632 1253 713; baseline -0.001 -18"><span class='ocrx_word' id='word_1_41' title='bbox 166 643 171 648; x_wconf 81' lang='grc'><strong>“</strong></span> <span class='ocrx_word' id='word_1_42' title='bbox 208 642 271 696; x_wconf 89' lang='lat' dir='ltr'>tum</span> <span class='ocrx_word' id='word_1_43' title='bbox 295 651 414 713; x_wconf 86' lang='lat' dir='ltr'>quoque</span> <span class='ocrx_word' id='word_1_44' title='bbox 438 635 519 712; x_wconf 83' lang='lat' dir='ltr'>gravi</span> <span class='ocrx_word' id='word_1_45' title='bbox 542 639 641 693; x_wconf 82' lang='lat' dir='ltr'>rnatu.</span> <span class='ocrx_word' id='word_1_46' title='bbox 687 634 787 692; x_wconf 82' lang='lat' dir='ltr'>cetera</span> <span class='ocrx_word' id='word_1_47' title='bbox 804 640 888 712; x_wconf 89' lang='lat' dir='ltr'>parte</span> <span class='ocrx_word' id='word_1_48' title='bbox 908 633 1004 713; x_wconf 89' lang='lat' dir='ltr'>plenis</span> <span class='ocrx_word' id='word_1_49' title='bbox 1022 632 1253 712; x_wconf 70' lang='lat' dir='ltr'>pulpamentist</span> 
     </span>
     <span class='ocr_line' id='line_1_7' title="bbox 208 720 1299 802; baseline 0.001 -20"><span class='ocrx_word' id='word_1_50' title='bbox 208 722 268 783; x_wconf 92' lang='lat' dir='ltr'>sale</span> <span class='ocrx_word' id='word_1_51' title='bbox 292 723 494 784; x_wconf 81' lang='lat' dir='ltr'>adservantur.</span> <span class='ocrx_word' id='word_1_52' title='bbox 540 720 709 800; x_wconf 77' lang='lat' dir='ltr'>melandrya</span> <span class='ocrx_word' id='word_1_53' title='bbox 732 728 875 782; x_wconf 87' lang='lat' dir='ltr'>vocantur</span> <span class='ocrx_word' id='word_1_54' title='bbox 898 739 1028 802; x_wconf 89' lang='lat' dir='ltr'>quercus</span> <span class='ocrx_word' id='word_1_55' title='bbox 1051 720 1158 782; x_wconf 88' lang='lat' dir='ltr'>assulis</span> <span class='ocrx_word' id='word_1_56' title='bbox 1184 723 1224 782; x_wconf 89' lang='lat' dir='ltr'>si·</span> <span class='ocrx_word' id='word_1_57' title='bbox 1298 778 1299 783; x_wconf 73' lang='grc'>,</span> 
     </span>
     <span class='ocr_line' id='line_1_8' title="bbox 207 809 1226 890; baseline -0.002 -18"><span class='ocrx_word' id='word_1_58' title='bbox 207 812 295 872; x_wconf 87' lang='lat' dir='ltr'>milia.</span> <span class='ocrx_word' id='word_1_59' title='bbox 342 811 481 872; x_wconf 89' lang='lat' dir='ltr'>vilissima</span> <span class='ocrx_word' id='word_1_60' title='bbox 504 829 541 870; x_wconf 83' lang='lat' dir='ltr'>ex</span> <span class='ocrx_word' id='word_1_61' title='bbox 563 809 610 869; x_wconf 92' lang='lat' dir='ltr'>his</span> <span class='ocrx_word' id='word_1_62' title='bbox 634 827 709 888; x_wconf 90' lang='lat' dir='ltr'>quae</span> <span class='ocrx_word' id='word_1_63' title='bbox 732 809 842 870; x_wconf 89' lang='lat' dir='ltr'>caudae</span> <span class='ocrx_word' id='word_1_64' title='bbox 861 812 1004 890; x_wconf 83' lang='lat' dir='ltr'>proxima,</span> <span class='ocrx_word' id='word_1_65' title='bbox 1027 812 1096 890; x_wconf 88' lang='lat' dir='ltr'>quia</span> <span class='ocrx_word' id='word_1_66' title='bbox 1118 811 1226 889; x_wconf 83' lang='lat' dir='ltr'>pingui</span> 
     </span>
     <span class='ocr_line' id='line_1_9' title="bbox 208 897 1224 982; baseline -0.003 -21"><span class='ocrx_word' id='word_1_67' title='bbox 208 908 320 982; x_wconf 90' lang='lat' dir='ltr'>carent,</span> <span class='ocrx_word' id='word_1_68' title='bbox 341 899 550 980; x_wconf 90' lang='lat' dir='ltr'>probatissima</span> <span class='ocrx_word' id='word_1_69' title='bbox 569 916 645 977; x_wconf 89' lang='lat' dir='ltr'>quae</span> <span class='ocrx_word' id='word_1_70' title='bbox 664 897 808 958; x_wconf 85' lang='lat' dir='ltr'>lancibus.</span> <span class='ocrx_word' id='word_1_71' title='bbox 853 906 883 959; x_wconf 92' lang='lat' dir='ltr'>at</span> <span class='ocrx_word' id='word_1_72' title='bbox 905 901 937 959; x_wconf 92' lang='lat' dir='ltr'>in</span> <span class='ocrx_word' id='word_1_73' title='bbox 961 899 1017 959; x_wconf 88' lang='lat' dir='ltr'>alio</span> <span class='ocrx_word' id='word_1_74' title='bbox 1035 900 1118 979; x_wconf 86' lang='lat' dir='ltr'>pisce</span> <span class='ocrx_word' id='word_1_75' title='bbox 1141 901 1224 958; x_wconf 88' lang='lat' dir='ltr'>cirea</span> 
     </span>
     <span class='ocr_line' id='line_1_10' title="bbox 208 985 1223 1067; baseline -0.004 -17"><span class='ocrx_word' id='word_1_76' title='bbox 208 991 331 1050; x_wconf 90' lang='lat' dir='ltr'>caudam</span> <span class='ocrx_word' id='word_1_77' title='bbox 354 989 607 1049; x_wconf 81' lang='lat' dir='ltr'>exercitatissime.</span> <span class='ocrx_word' id='word_1_78' title='bbox 653 985 821 1066; x_wconf 80' lang='lat' dir='ltr'>pelamydes</span> <span class='ocrx_word' id='word_1_79' title='bbox 844 989 879 1050; x_wconf 92' lang='lat' dir='ltr'>in</span> <span class='ocrx_word' id='word_1_80' title='bbox 894 987 1044 1067; x_wconf 81' lang='lat' dir='ltr'>apolectos</span> <span class='ocrx_word' id='word_1_81' title='bbox 1063 987 1223 1067; x_wconf 88' lang='lat' dir='ltr'>particula-</span> 
     </span>
     <span class='ocr_line' id='line_1_11' title="bbox 207 1075 1266 1157; baseline -0.003 -19"><span class='ocrx_word' id='word_1_82' title='bbox 207 1081 320 1157; x_wconf 90' lang='lat' dir='ltr'>timque</span> <span class='ocrx_word' id='word_1_83' title='bbox 344 1085 500 1138; x_wconf 85' lang='lat' dir='ltr'>consectae</span> <span class='ocrx_word' id='word_1_84' title='bbox 523 1079 553 1136; x_wconf 91' lang='lat' dir='ltr'>in</span> <span class='ocrx_word' id='word_1_85' title='bbox 578 1093 687 1154; x_wconf 84' lang='lat' dir='ltr'>genera</span> <span class='ocrx_word' id='word_1_86' title='bbox 711 1075 865 1154; x_wconf 87' lang='lat' dir='ltr'>cybiorum</span> <span class='ocrx_word' id='word_1_87' title='bbox 888 1076 1114 1155; x_wconf 89' lang='lat' dir='ltr'>dispertiuntur.</span> <span class='ocrx_word' id='word_1_88' title='bbox 1239 1087 1266 1127; x_wconf 85' lang='lat'>1⁰</span> 
     </span>
    </p>

    <p class='ocr_par' dir='ltr' id='par_1_5' title="bbox 154 1160 1265 1599">
     <span class='ocr_line' id='line_1_12' title="bbox 154 1160 1224 1250; baseline -0.001 -24"><span class='ocrx_word' id='word_1_89' title='bbox 154 1177 187 1226; x_wconf 81' lang='lat'>49</span> <span class='ocrx_word' id='word_1_90' title='bbox 276 1160 349 1248; x_wconf 82' lang='lat'>(19)</span> <span class='ocrx_word' id='word_1_91' title='bbox 368 1166 500 1227; x_wconf 91' lang='lat' dir='ltr'>Piscium</span> <span class='ocrx_word' id='word_1_92' title='bbox 516 1168 611 1244; x_wconf 82' lang='lat' dir='ltr'>genus</span> <span class='ocrx_word' id='word_1_93' title='bbox 625 1182 712 1225; x_wconf 88' lang='lat' dir='ltr'>omne</span> <span class='ocrx_word' id='word_1_94' title='bbox 730 1166 891 1243; x_wconf 90' lang='lat' dir='ltr'>praecipua</span> <span class='ocrx_word' id='word_1_95' title='bbox 905 1165 1057 1226; x_wconf 89' lang='lat' dir='ltr'>celeritate</span> <span class='ocrx_word' id='word_1_96' title='bbox 1072 1164 1224 1250; x_wconf 78' lang='lat' dir='ltr'>adolescit,</span> 
     </span>
     <span class='ocr_line' id='line_1_13' title="bbox 207 1252 1223 1316; baseline -0.002 0"><span class='ocrx_word' id='word_1_97' title='bbox 207 1259 332 1316; x_wconf 82' lang='lat' dir='ltr'>maxime</span> <span class='ocrx_word' id='word_1_98' title='bbox 356 1257 393 1315; x_wconf 91' lang='lat' dir='ltr'>in</span> <span class='ocrx_word' id='word_1_99' title='bbox 411 1254 514 1315; x_wconf 85' lang='lat' dir='ltr'>Ponto.</span> <span class='ocrx_word' id='word_1_100' title='bbox 562 1270 649 1313; x_wconf 89' lang='lat' dir='ltr'>causa</span> <span class='ocrx_word' id='word_1_101' title='bbox 677 1252 837 1313; x_wconf 90' lang='lat' dir='ltr'>multitudo</span> <span class='ocrx_word' id='word_1_102' title='bbox 864 1256 1000 1314; x_wconf 52' lang='lat' dir='ltr'>amnium*</span> <span class='ocrx_word' id='word_1_103' title='bbox 1023 1252 1125 1314; x_wconf 88' lang='lat' dir='ltr'>dulces</span> <span class='ocrx_word' id='word_1_104' title='bbox 1148 1254 1223 1314; x_wconf 89' lang='lat' dir='ltr'>inle-</span> 
     </span>
     <span class='ocr_line' id='line_1_14' title="bbox 207 1342 1224 1424; baseline -0.002 -20"><span class='ocrx_word' id='word_1_105' title='bbox 207 1346 339 1404; x_wconf 88' lang='lat' dir='ltr'>rentium</span> <span class='ocrx_word' id='word_1_106' title='bbox 362 1361 461 1424; x_wconf 86' lang='lat' dir='ltr'>aquas.</span> <span class='ocrx_word' id='word_1_107' title='bbox 507 1343 612 1416; x_wconf 70' lang='lat' dir='ltr'>anriam</span> <span class='ocrx_word' id='word_1_108' title='bbox 630 1349 737 1402; x_wconf 89' lang='lat' dir='ltr'>vocant</span> <span class='ocrx_word' id='word_1_109' title='bbox 755 1344 842 1403; x_wconf 87' lang='lat' dir='ltr'>cuius</span> <span class='ocrx_word' id='word_1_110' title='bbox 860 1344 1079 1403; x_wconf 87' lang='lat' dir='ltr'>incrementum</span> <span class='ocrx_word' id='word_1_111' title='bbox 1098 1342 1224 1420; x_wconf 81' lang='lat' dir='ltr'>singulis</span> 
     </span>
     <span class='ocr_line' id='line_1_15' title="bbox 208 1430 1223 1510; baseline -0.002 -18"><span class='ocrx_word' id='word_1_112' title='bbox 208 1432 313 1494; x_wconf 91' lang='lat' dir='ltr'>diebus</span> <span class='ocrx_word' id='word_1_113' title='bbox 340 1431 532 1510; x_wconf 86' lang='lat' dir='ltr'>intellegitur.</span> <span class='ocrx_word' id='word_1_114' title='bbox 592 1449 661 1491; x_wconf 89' lang='lat' dir='ltr'>oum</span> <span class='ocrx_word' id='word_1_115' title='bbox 689 1430 810 1509; x_wconf 89' lang='lat' dir='ltr'>thynnis</span> <span class='ocrx_word' id='word_1_116' title='bbox 837 1430 910 1491; x_wconf 89' lang='lat' dir='ltr'>haee</span> <span class='ocrx_word' id='word_1_117' title='bbox 938 1437 968 1491; x_wconf 88' lang='lat' dir='ltr'>et</span> <span class='ocrx_word' id='word_1_118' title='bbox 995 1430 1164 1510; x_wconf 87' lang='lat' dir='ltr'>pelamydes</span> <span class='ocrx_word' id='word_1_119' title='bbox 1191 1432 1223 1491; x_wconf 91' lang='lat' dir='ltr'>in</span> 
     </span>
     <span class='ocr_line' id='line_1_16' title="bbox 206 1517 1265 1599; baseline -0.001 -18"><span class='ocrx_word' id='word_1_120' title='bbox 206 1521 335 1582; x_wconf 87' lang='lat' dir='ltr'>Pontum</span> <span class='ocrx_word' id='word_1_121' title='bbox 358 1520 394 1581; x_wconf 90' lang='lat' dir='ltr'>ad</span> <span class='ocrx_word' id='word_1_122' title='bbox 417 1519 549 1580; x_wconf 91' lang='lat' dir='ltr'>dulciora</span> <span class='ocrx_word' id='word_1_123' title='bbox 572 1517 680 1598; x_wconf 88' lang='lat' dir='ltr'>pabula</span> <span class='ocrx_word' id='word_1_124' title='bbox 702 1521 815 1581; x_wconf 89' lang='lat' dir='ltr'>intrant</span> <span class='ocrx_word' id='word_1_125' title='bbox 838 1521 983 1599; x_wconf 83' lang='lat' dir='ltr'>gregatim</span> <span class='ocrx_word' id='word_1_126' title='bbox 1005 1521 1068 1580; x_wconf 91' lang='lat' dir='ltr'>suis</span> <span class='ocrx_word' id='word_1_127' title='bbox 1087 1535 1222 1598; x_wconf 89' lang='lat' dir='ltr'>quaeque</span> <span class='ocrx_word' id='word_1_128' title='bbox 1236 1525 1265 1571; x_wconf 82' lang='lat'>‘15</span> 
     </span>
    </p>

    <p class='ocr_par' dir='ltr' id='par_1_6' title="bbox 146 1607 1224 1866">
     <span class='ocr_line' id='line_1_17' title="bbox 146 1607 1223 1691; baseline 0.002 -23"><span class='ocrx_word' id='word_1_129' title='bbox 146 1675 147 1680; x_wconf 11' lang='grc' dir='ltr'>Ι</span> <span class='ocrx_word' id='word_1_130' title='bbox 207 1608 346 1691; x_wconf 87' lang='lat' dir='ltr'>ducibus,</span> <span class='ocrx_word' id='word_1_131' title='bbox 377 1615 406 1669; x_wconf 91' lang='lat' dir='ltr'>et</span> <span class='ocrx_word' id='word_1_132' title='bbox 432 1609 521 1687; x_wconf 88' lang='lat' dir='ltr'>primi</span> <span class='ocrx_word' id='word_1_133' title='bbox 549 1609 681 1668; x_wconf 88' lang='lat' dir='ltr'>omnium</span> <span class='ocrx_word' id='word_1_134' title='bbox 709 1607 853 1690; x_wconf 82' lang='lat' dir='ltr'>scombri,</span> <span class='ocrx_word' id='word_1_135' title='bbox 883 1607 992 1688; x_wconf 87' lang='lat' dir='ltr'>quibus</span> <span class='ocrx_word' id='word_1_136' title='bbox 1019 1616 1065 1668; x_wconf 91' lang='lat' dir='ltr'>est</span> <span class='ocrx_word' id='word_1_137' title='bbox 1092 1609 1123 1668; x_wconf 90' lang='lat' dir='ltr'>in</span> <span class='ocrx_word' id='word_1_138' title='bbox 1146 1626 1223 1687; x_wconf 84' lang='lat' dir='ltr'>aqua</span> 
     </span>
     <span class='ocr_line' id='line_1_18' title="bbox 207 1694 1224 1778; baseline 0 -21"><span class='ocrx_word' id='word_1_139' title='bbox 207 1697 367 1777; x_wconf 88' lang='lat' dir='ltr'>sulpureus</span> <span class='ocrx_word' id='word_1_140' title='bbox 390 1696 481 1778; x_wconf 91' lang='lat' dir='ltr'>color,</span> <span class='ocrx_word' id='word_1_141' title='bbox 508 1703 591 1756; x_wconf 82' lang='lat' dir='ltr'>extra</span> <span class='ocrx_word' id='word_1_142' title='bbox 620 1698 671 1775; x_wconf 89' lang='lat' dir='ltr'>qui</span> <span class='ocrx_word' id='word_1_143' title='bbox 694 1699 812 1758; x_wconf 87' lang='lat' dir='ltr'>ceteris.</span> <span class='ocrx_word' id='word_1_144' title='bbox 857 1694 1015 1777; x_wconf 86' lang='lat' dir='ltr'>Hispaniae</span> <span class='ocrx_word' id='word_1_145' title='bbox 1043 1698 1169 1760; x_wconf 85' lang='lat' dir='ltr'>cetarias</span> <span class='ocrx_word' id='word_1_146' title='bbox 1190 1697 1224 1758; x_wconf 91' lang='lat' dir='ltr'>hi</span> 
     </span>
     <span class='ocr_line' id='line_1_19' title="bbox 206 1783 816 1866; baseline -0.002 -19"><span class='ocrx_word' id='word_1_147' title='bbox 206 1785 324 1866; x_wconf 91' lang='lat' dir='ltr'>replent</span> <span class='ocrx_word' id='word_1_148' title='bbox 345 1785 466 1865; x_wconf 85' lang='lat' dir='ltr'>thynnis</span> <span class='ocrx_word' id='word_1_149' title='bbox 489 1803 549 1845; x_wconf 90' lang='lat' dir='ltr'>non</span> <span class='ocrx_word' id='word_1_150' title='bbox 572 1783 816 1847; x_wconf 82' lang='lat' dir='ltr'>commeantibus.</span> 
     </span>
    </p>

    <p class='ocr_par' dir='ltr' id='par_1_7' title="bbox 154 1868 1265 2664">
     <span class='ocr_line' id='line_1_20' title="bbox 154 1868 1221 1956; baseline 0 -22"><span class='ocrx_word' id='word_1_151' title='bbox 154 1885 188 1934; x_wconf 82' lang='lat' dir='ltr'>no</span> <span class='ocrx_word' id='word_1_152' title='bbox 275 1868 349 1956; x_wconf 80' lang='lat'>(20)</span> <span class='ocrx_word' id='word_1_153' title='bbox 374 1873 433 1935; x_wconf 89' lang='lat' dir='ltr'>Sed</span> <span class='ocrx_word' id='word_1_154' title='bbox 453 1877 485 1936; x_wconf 91' lang='lat' dir='ltr'>in</span> <span class='ocrx_word' id='word_1_155' title='bbox 503 1872 632 1934; x_wconf 89' lang='lat' dir='ltr'>Pontum</span> <span class='ocrx_word' id='word_1_156' title='bbox 655 1873 736 1934; x_wconf 89' lang='lat' dir='ltr'>nulla</span> <span class='ocrx_word' id='word_1_157' title='bbox 753 1877 846 1935; x_wconf 87' lang='lat' dir='ltr'>intrat</span> <span class='ocrx_word' id='word_1_158' title='bbox 863 1873 959 1934; x_wconf 88' lang='lat' dir='ltr'>hestia</span> <span class='ocrx_word' id='word_1_159' title='bbox 976 1874 1110 1953; x_wconf 90' lang='lat' dir='ltr'>piscibus</span> <span class='ocrx_word' id='word_1_160' title='bbox 1133 1873 1221 1935; x_wconf 92' lang='lat' dir='ltr'>male-</span> 
     </span>
     <span class='ocr_line' id='line_1_21' title="bbox 207 1962 1265 2043; baseline -0.002 -20"><span class='ocrx_word' id='word_1_161' title='bbox 207 1965 262 2024; x_wconf 91' lang='lat' dir='ltr'>iioa</span> <span class='ocrx_word' id='word_1_162' title='bbox 288 1971 409 2043; x_wconf 88' lang='lat' dir='ltr'>praeter</span> <span class='ocrx_word' id='word_1_163' title='bbox 431 1963 540 2024; x_wconf 83' lang='lat' dir='ltr'>vitulos</span> <span class='ocrx_word' id='word_1_164' title='bbox 568 1970 598 2024; x_wconf 86' lang='lat' dir='ltr'>at</span> <span class='ocrx_word' id='word_1_165' title='bbox 625 1981 732 2042; x_wconf 87' lang='lat' dir='ltr'>parvos</span> <span class='ocrx_word' id='word_1_166' title='bbox 760 1962 924 2043; x_wconf 90' lang='lat' dir='ltr'>delphinos.</span> <span class='ocrx_word' id='word_1_167' title='bbox 969 1962 1074 2042; x_wconf 90' lang='lat' dir='ltr'>thynni</span> <span class='ocrx_word' id='word_1_168' title='bbox 1102 1962 1265 2024; x_wconf 78' lang='lat' dir='ltr'>dexteram</span> 
     </span>
     <span class='ocr_line' id='line_1_22' title="bbox 207 2050 1223 2134; baseline -0.001 -22"><span class='ocrx_word' id='word_1_169' title='bbox 207 2055 271 2132; x_wconf 92' lang='lat' dir='ltr'>ripa</span> <span class='ocrx_word' id='word_1_170' title='bbox 293 2054 421 2134; x_wconf 90' lang='lat' dir='ltr'>intrant,</span> <span class='ocrx_word' id='word_1_171' title='bbox 451 2059 562 2112; x_wconf 82' lang='lat' dir='ltr'>exeunt</span> <span class='ocrx_word' id='word_1_172' title='bbox 585 2050 674 2113; x_wconf 78' lang='lat' dir='ltr'>laeva.</span> <span class='ocrx_word' id='word_1_173' title='bbox 719 2051 750 2112; x_wconf 91' lang='lat' dir='ltr'>id</span> <span class='ocrx_word' id='word_1_174' title='bbox 773 2052 907 2113; x_wconf 87' lang='lat' dir='ltr'>accidere</span> <span class='ocrx_word' id='word_1_175' title='bbox 932 2051 1127 2133; x_wconf 86' lang='lat' dir='ltr'>existimatur,</span> <span class='ocrx_word' id='word_1_176' title='bbox 1154 2053 1223 2130; x_wconf 83' lang='lat' dir='ltr'>quia</span> 
     </span>
     <span class='ocr_line' id='line_1_23' title="bbox 208 2139 1223 2221; baseline 0 -21"><span class='ocrx_word' id='word_1_177' title='bbox 208 2141 313 2202; x_wconf 81' lang='lat' dir='ltr'>dextro</span> <span class='ocrx_word' id='word_1_178' title='bbox 337 2141 423 2202; x_wconf 91' lang='lat' dir='ltr'>oculo</span> <span class='ocrx_word' id='word_1_179' title='bbox 446 2141 516 2221; x_wconf 87' lang='lat' dir='ltr'>plns</span> <span class='ocrx_word' id='word_1_180' title='bbox 539 2143 664 2204; x_wconf 87' lang='lat' dir='ltr'>cernant</span> <span class='ocrx_word' id='word_1_181' title='bbox 686 2147 816 2219; x_wconf 87' lang='lat' dir='ltr'>utroque</span> <span class='ocrx_word' id='word_1_182' title='bbox 838 2148 945 2202; x_wconf 87' lang='lat' dir='ltr'>natura</span> <span class='ocrx_word' id='word_1_183' title='bbox 967 2139 1077 2201; x_wconf 89' lang='lat' dir='ltr'>hebeti.</span> <span class='ocrx_word' id='word_1_184' title='bbox 1123 2142 1223 2200; x_wconf 90' lang='lat' dir='ltr'>estin</span> 
     </span>
     <span class='ocr_line' id='line_1_24' title="bbox 208 2227 1223 2310; baseline 0 -20"><span class='ocrx_word' id='word_1_185' title='bbox 208 2233 312 2310; x_wconf 86' lang='lat' dir='ltr'>euripo</span> <span class='ocrx_word' id='word_1_186' title='bbox 336 2229 455 2291; x_wconf 85' lang='lat' dir='ltr'>Thracii</span> <span class='ocrx_word' id='word_1_187' title='bbox 478 2229 603 2309; x_wconf 77' lang='lat' dir='ltr'>bospori</span> <span class='ocrx_word' id='word_1_188' title='bbox 630 2247 689 2308; x_wconf 90' lang='lat' dir='ltr'>quo</span> <span class='ocrx_word' id='word_1_189' title='bbox 711 2228 872 2308; x_wconf 88' lang='lat' dir='ltr'>Propontis</span> <span class='ocrx_word' id='word_1_190' title='bbox 894 2227 1012 2289; x_wconf 86' lang='lat' dir='ltr'>Euxino</span> <span class='ocrx_word' id='word_1_191' title='bbox 1035 2231 1168 2309; x_wconf 80' lang='lat' dir='ltr'>iungitur</span> <span class='ocrx_word' id='word_1_192' title='bbox 1190 2230 1223 2290; x_wconf 92' lang='lat' dir='ltr'>in</span> 
     </span>
     <span class='ocr_line' id='line_1_25' title="bbox 206 2317 1224 2398; baseline 0 -20"><span class='ocrx_word' id='word_1_193' title='bbox 206 2320 279 2398; x_wconf 88' lang='lat' dir='ltr'>ipsis</span> <span class='ocrx_word' id='word_1_194' title='bbox 302 2317 452 2398; x_wconf 88' lang='lat' dir='ltr'>Europam</span> <span class='ocrx_word' id='word_1_195' title='bbox 475 2319 633 2397; x_wconf 82' lang='lat' dir='ltr'>Asiamque</span> <span class='ocrx_word' id='word_1_196' title='bbox 662 2320 828 2397; x_wconf 87' lang='lat' dir='ltr'>separantis</span> <span class='ocrx_word' id='word_1_197' title='bbox 855 2318 925 2378; x_wconf 87' lang='lat' dir='ltr'>ireti</span> <span class='ocrx_word' id='word_1_198' title='bbox 952 2321 1096 2397; x_wconf 83' lang='lat' dir='ltr'>angustiis</span> <span class='ocrx_word' id='word_1_199' title='bbox 1119 2335 1224 2379; x_wconf 82' lang='lat' dir='ltr'>sarum</span> 
     </span>
     <span class='ocr_line' id='line_1_26' title="bbox 206 2405 1263 2488; baseline 0.002 -22"><span class='ocrx_word' id='word_1_200' title='bbox 206 2409 274 2466; x_wconf 91' lang='lat' dir='ltr'>miri</span> <span class='ocrx_word' id='word_1_201' title='bbox 298 2406 435 2467; x_wconf 89' lang='lat' dir='ltr'>candoris</span> <span class='ocrx_word' id='word_1_202' title='bbox 458 2426 474 2466; x_wconf 91' lang='lat' dir='ltr'>a</span> <span class='ocrx_word' id='word_1_203' title='bbox 498 2407 572 2467; x_wconf 87' lang='lat' dir='ltr'>vado</span> <span class='ocrx_word' id='word_1_204' title='bbox 596 2407 631 2480; x_wconf 83' lang='lat' dir='ltr'>ad</span> <span class='ocrx_word' id='word_1_205' title='bbox 656 2423 771 2468; x_wconf 90' lang='lat' dir='ltr'>summa</span> <span class='ocrx_word' id='word_1_206' title='bbox 793 2407 967 2488; x_wconf 86' lang='lat' dir='ltr'>perlucens,</span> <span class='ocrx_word' id='word_1_207' title='bbox 996 2409 1079 2468; x_wconf 86' lang='lat' dir='ltr'>iuxta</span> <span class='ocrx_word' id='word_1_208' title='bbox 1101 2405 1220 2468; x_wconf 79' lang='lat' dir='ltr'>Chalce-</span> <span class='ocrx_word' id='word_1_209' title='bbox 1236 2416 1263 2460; x_wconf 74' lang='lat'>2⁶</span> 
     </span>
     <span class='ocr_line' id='line_1_27' title="bbox 206 2494 1222 2574; baseline 0.001 -19"><span class='ocrx_word' id='word_1_210' title='bbox 206 2495 314 2556; x_wconf 88' lang='lat' dir='ltr'>donem</span> <span class='ocrx_word' id='word_1_211' title='bbox 337 2497 369 2555; x_wconf 91' lang='lat' dir='ltr'>iu</span> <span class='ocrx_word' id='word_1_212' title='bbox 388 2494 480 2555; x_wconf 90' lang='lat' dir='ltr'>latere</span> <span class='ocrx_word' id='word_1_213' title='bbox 500 2495 594 2555; x_wconf 80' lang='lat' dir='ltr'>Asiae.</span> <span class='ocrx_word' id='word_1_214' title='bbox 640 2495 730 2556; x_wconf 90' lang='lat' dir='ltr'>huius</span> <span class='ocrx_word' id='word_1_215' title='bbox 744 2503 867 2574; x_wconf 89' lang='lat' dir='ltr'>aspectu</span> <span class='ocrx_word' id='word_1_216' title='bbox 886 2503 1010 2574; x_wconf 89' lang='lat' dir='ltr'>repente</span> <span class='ocrx_word' id='word_1_217' title='bbox 1029 2497 1128 2558; x_wconf 90' lang='lat' dir='ltr'>territi</span> <span class='ocrx_word' id='word_1_218' title='bbox 1147 2513 1222 2556; x_wconf 90' lang='lat' dir='ltr'>sem-</span> 
     </span>
     <span class='ocr_line' id='line_1_28' title="bbox 206 2583 1222 2664; baseline 0 -20"><span class='ocrx_word' id='word_1_219' title='bbox 206 2601 263 2662; x_wconf 90' lang='lat' dir='ltr'>per</span> <span class='ocrx_word' id='word_1_220' title='bbox 296 2583 453 2644; x_wconf 87' lang='lat' dir='ltr'>advorsum</span> <span class='ocrx_word' id='word_1_221' title='bbox 488 2583 619 2664; x_wconf 88' lang='lat' dir='ltr'>Byzantii</span> <span class='ocrx_word' id='word_1_222' title='bbox 646 2586 889 2664; x_wconf 86' lang='lat' dir='ltr'>promunturium</span> <span class='ocrx_word' id='word_1_223' title='bbox 922 2602 958 2646; x_wconf 85' lang='lat' dir='ltr'>ex</span> <span class='ocrx_word' id='word_1_224' title='bbox 991 2603 1025 2644; x_wconf 88' lang='lat' dir='ltr'>ea</span> <span class='ocrx_word' id='word_1_225' title='bbox 1053 2603 1142 2645; x_wconf 89' lang='lat' dir='ltr'>causa</span> <span class='ocrx_word' id='word_1_226' title='bbox 1173 2602 1222 2663; x_wconf 90' lang='lat' dir='ltr'>ap-</span> 
     </span>
    </p>

    <p class='ocr_par' dir='ltr' id='par_1_8' title="bbox 153 2671 1263 3110">
     <span class='ocr_line' id='line_1_29' title="bbox 153 2671 1222 2752; baseline 0.002 -22"><span class='ocrx_word' id='word_1_227' title='bbox 153 2682 186 2730; x_wconf 78' lang='lat'>51</span> <span class='ocrx_word' id='word_1_228' title='bbox 206 2671 348 2752; x_wconf 80' lang='lat' dir='ltr'>pellatam</span> <span class='ocrx_word' id='word_1_229' title='bbox 371 2671 462 2732; x_wconf 77' lang='lat' dir='ltr'>Aurei</span> <span class='ocrx_word' id='word_1_230' title='bbox 485 2671 602 2734; x_wconf 83' lang='lat' dir='ltr'>Cornus</span> <span class='ocrx_word' id='word_1_231' title='bbox 629 2674 786 2752; x_wconf 90' lang='lat' dir='ltr'>praecipiti</span> <span class='ocrx_word' id='word_1_232' title='bbox 812 2681 919 2752; x_wconf 91' lang='lat' dir='ltr'>petunt</span> <span class='ocrx_word' id='word_1_233' title='bbox 947 2675 1073 2752; x_wconf 85' lang='lat' dir='ltr'>agmine.</span> <span class='ocrx_word' id='word_1_234' title='bbox 1122 2675 1222 2752; x_wconf 89' lang='lat' dir='ltr'>itaque</span> 
     </span>
     <span class='ocr_line' id='line_1_30' title="bbox 208 2760 1223 2844; baseline 0 -24"><span class='ocrx_word' id='word_1_235' title='bbox 208 2762 304 2821; x_wconf 92' lang='lat' dir='ltr'>omnis</span> <span class='ocrx_word' id='word_1_236' title='bbox 337 2769 459 2840; x_wconf 88' lang='lat' dir='ltr'>captura</span> <span class='ocrx_word' id='word_1_237' title='bbox 486 2760 619 2841; x_wconf 87' lang='lat' dir='ltr'>Byzantii</span> <span class='ocrx_word' id='word_1_238' title='bbox 651 2769 697 2822; x_wconf 89' lang='lat' dir='ltr'>est</span> <span class='ocrx_word' id='word_1_239' title='bbox 729 2779 834 2840; x_wconf 83' lang='lat' dir='ltr'>magna</span> <span class='ocrx_word' id='word_1_240' title='bbox 864 2761 1058 2822; x_wconf 79' lang='lat' dir='ltr'>Chalcedonis</span> <span class='ocrx_word' id='word_1_241' title='bbox 1089 2763 1223 2844; x_wconf 82' lang='lat' dir='ltr'>penuria,</span> 
     </span>
     <span class='ocr_line' id='line_1_31' title="bbox 206 2848 1263 2930; baseline -0.001 -20"><span class='ocrx_word' id='word_1_242' title='bbox 206 2864 232 2910; x_wconf 81' lang='lat' dir='ltr'>ut</span> <span class='ocrx_word' id='word_1_243' title='bbox 256 2848 394 2930; x_wconf 89' lang='lat' dir='ltr'>passibus</span> <span class='ocrx_word' id='word_1_244' title='bbox 417 2851 507 2911; x_wconf 89' lang='lat' dir='ltr'>medii</span> <span class='ocrx_word' id='word_1_245' title='bbox 531 2851 732 2912; x_wconf 81' lang='lat' dir='ltr'>interfluentis</span> <span class='ocrx_word' id='word_1_246' title='bbox 756 2851 861 2930; x_wconf 89' lang='lat' dir='ltr'>euripi.</span> <span class='ocrx_word' id='word_1_247' title='bbox 908 2853 1106 2930; x_wconf 86' lang='lat' dir='ltr'>opperiuntur</span> <span class='ocrx_word' id='word_1_248' title='bbox 1123 2857 1223 2910; x_wconf 85' lang='lat' dir='ltr'>autem</span> <span class='ocrx_word' id='word_1_249' title='bbox 1237 2859 1263 2900; x_wconf 80' lang='lat'>³⁰</span> 
     </span>
     <span class='ocr_line' id='line_1_32' title="bbox 206 2938 1222 3021; baseline -0.001 -23"><span class='ocrx_word' id='word_1_250' title='bbox 206 2938 353 3018; x_wconf 90' lang='lat' dir='ltr'>aquilonis</span> <span class='ocrx_word' id='word_1_251' title='bbox 376 2938 492 3021; x_wconf 90' lang='lat' dir='ltr'>ilatum,</span> <span class='ocrx_word' id='word_1_252' title='bbox 521 2947 556 3000; x_wconf 89' lang='lat' dir='ltr'>ut</span> <span class='ocrx_word' id='word_1_253' title='bbox 579 2939 711 3000; x_wconf 89' lang='lat' dir='ltr'>seeundo</span> <span class='ocrx_word' id='word_1_254' title='bbox 734 2939 829 3000; x_wconf 81' lang='lat' dir='ltr'>fluctu</span> <span class='ocrx_word' id='word_1_255' title='bbox 856 2946 963 3000; x_wconf 83' lang='lat' dir='ltr'>exeant</span> <span class='ocrx_word' id='word_1_256' title='bbox 988 2957 1004 2999; x_wconf 93' lang='lat' dir='ltr'>e</span> <span class='ocrx_word' id='word_1_257' title='bbox 1028 2938 1138 3020; x_wconf 88' lang='lat' dir='ltr'>Ponto,</span> <span class='ocrx_word' id='word_1_258' title='bbox 1166 2955 1222 2998; x_wconf 91' lang='lat' dir='ltr'>nec</span> 
     </span>
     <span class='ocr_line' id='line_1_33' title="bbox 206 3026 1223 3110; baseline -0.003 -21"><span class='ocrx_word' id='word_1_259' title='bbox 206 3029 265 3089; x_wconf 90' lang='lat' dir='ltr'>nisi</span> <span class='ocrx_word' id='word_1_260' title='bbox 292 3029 438 3089; x_wconf 88' lang='lat' dir='ltr'>intrantes</span> <span class='ocrx_word' id='word_1_261' title='bbox 465 3037 587 3110; x_wconf 90' lang='lat' dir='ltr'>portum</span> <span class='ocrx_word' id='word_1_262' title='bbox 614 3027 788 3108; x_wconf 89' lang='lat' dir='ltr'>Byzantium</span> <span class='ocrx_word' id='word_1_263' title='bbox 816 3030 981 3108; x_wconf 89' lang='lat' dir='ltr'>capiuntur.</span> <span class='ocrx_word' id='word_1_264' title='bbox 1027 3026 1134 3088; x_wconf 88' lang='lat' dir='ltr'>bruma</span> <span class='ocrx_word' id='word_1_265' title='bbox 1163 3044 1223 3087; x_wconf 92' lang='lat' dir='ltr'>non</span> 
     </span>
    </p>
   </div>
   <div class='ocr_carea' id='block_1_3' title="bbox 205 3180 1300 3680">
    <p class='ocr_par' dir='ltr' id='par_1_9' title="bbox 205 3180 1300 3680">
     <span class='ocr_line' id='line_1_34' title="bbox 279 3180 1224 3253; baseline -0.004 -16"><span class='ocrx_word' id='word_1_266' title='bbox 279 3190 293 3237; x_wconf 92' lang='lat'>1</span> <span class='ocrx_word' id='word_1_267' title='bbox 312 3198 398 3237; x_wconf 79' lang='lat' dir='ltr'>uncos</span> <span class='ocrx_word' id='word_1_268' title='bbox 416 3198 463 3252; x_wconf 74' lang='lat' dir='ltr'>epo</span> <span class='ocrx_word' id='word_1_269' title='bbox 476 3183 570 3253; x_wconf 80' lang='lat' dir='ltr'>poeni.</span> <span class='ocrx_word' id='word_1_270' title='bbox 588 3185 592 3252; x_wconf 99' lang='grc' dir='ltr'>Ι</span> <span class='ocrx_word' id='word_1_271' title='bbox 607 3198 673 3238; x_wconf 83' lang='lat' dir='ltr'>vere</span> <span class='ocrx_word' id='word_1_272' title='bbox 693 3182 772 3236; x_wconf 83' lang='lat' dir='ltr'>Pint.</span> <span class='ocrx_word' id='word_1_273' title='bbox 791 3180 829 3237; x_wconf 80' lang='lat' dir='ltr'>on</span> <span class='ocrx_word' id='word_1_274' title='bbox 847 3180 953 3236; x_wconf 76' lang='lat' dir='ltr'>verno?</span> <span class='ocrx_word' id='word_1_275' title='bbox 979 3195 1045 3236; x_wconf 88' lang='lat' dir='ltr'>vero</span> <span class='ocrx_word' id='word_1_276' title='bbox 1064 3180 1091 3236; x_wconf 85' lang='lat' dir='ltr'>ll.</span> <span class='ocrx_word' id='word_1_277' title='bbox 1109 3181 1113 3248; x_wconf 92' lang='grc' dir='ltr'>Ι</span> <span class='ocrx_word' id='word_1_278' title='bbox 1129 3180 1224 3236; x_wconf 84' lang='lat' dir='ltr'>autem</span> 
     </span>
     <span class='ocr_line' id='line_1_35' title="bbox 207 3251 1223 3364; baseline -0.007 -54"><span class='ocrx_word' id='word_1_279' title='bbox 207 3271 262 3326; x_wconf 76' lang='lat' dir='ltr'>epo.</span> <span class='ocrx_word' id='word_1_280' title='bbox 291 3255 342 3308; x_wconf 82' lang='lat' dir='ltr'>aut</span> <span class='ocrx_word' id='word_1_281' title='bbox 359 3254 387 3308; x_wconf 84' lang='lat' dir='ltr'>ll.</span> <span class='ocrx_word' id='word_1_282' title='bbox 406 3255 457 3321; x_wconf 81' lang='lat' dir='ltr'>cfr.</span> <span class='ocrx_word' id='word_1_283' title='bbox 476 3254 564 3308; x_wconf 73' lang='lat' dir='ltr'>Arist.</span> <span class='ocrx_word' id='word_1_284' title='bbox 583 3253 650 3308; x_wconf 80' lang='lat' dir='ltr'>lua.</span> <span class='ocrx_word' id='word_1_285' title='bbox 675 3256 765 3309; x_wconf 85' lang='lat' dir='ltr'><em>V117</em></span> <span class='ocrx_word' id='word_1_286' title='bbox 782 3270 810 3364; x_wconf 65' lang='lat' dir='ltr'>p.</span> <span class='ocrx_word' id='word_1_287' title='bbox 830 3252 934 3318; x_wconf 80' lang='lat' dir='ltr'>571A,</span> <span class='ocrx_word' id='word_1_288' title='bbox 952 3257 997 3308; x_wconf 84' lang='lat'>19.</span> <span class='ocrx_word' id='word_1_289' title='bbox 1069 3251 1223 3305; x_wconf 77' lang='lat' dir='ltr'>tructuo.</span> 
     </span>
     <span class='ocr_line' id='line_1_36' title="bbox 206 3319 1223 3396; baseline -0.004 -16"><span class='ocrx_word' id='word_1_290' title='bbox 206 3327 291 3396; x_wconf 84' lang='lat' dir='ltr'>rupta</span> <span class='ocrx_word' id='word_1_291' title='bbox 309 3329 334 3378; x_wconf 80' lang='lat' dir='ltr'>i.</span> <span class='ocrx_word' id='word_1_292' title='bbox 363 3326 426 3394; x_wconf 72' lang='lat' dir='ltr'>pin</span> <span class='ocrx_word' id='word_1_293' title='bbox 443 3341 466 3378; x_wconf 81' lang='lat' dir='ltr'>r.</span> <span class='ocrx_word' id='word_1_294' title='bbox 483 3326 488 3393; x_wconf 88' lang='grc' dir='ltr'>Ι</span> <span class='ocrx_word' id='word_1_295' title='bbox 504 3325 667 3380; x_wconf 80' lang='lat' dir='ltr'>coaeterne</span> <span class='ocrx_word' id='word_1_296' title='bbox 681 3326 788 3394; x_wconf 73' lang='lat' dir='ltr'>paries.</span> <span class='ocrx_word' id='word_1_297' title='bbox 853 3329 869 3377; x_wconf 83' lang='lat'>9</span> <span class='ocrx_word' id='word_1_298' title='bbox 888 3322 1031 3392; x_wconf 82' lang='lat' dir='ltr'>apolectos</span> <span class='ocrx_word' id='word_1_299' title='bbox 1050 3319 1223 3376; x_wconf 80' lang='lat' dir='ltr'>coddBorb.</span> 
     </span>
     <span class='ocr_line' id='line_1_37' title="bbox 207 3390 1300 3466; baseline -0.005 -16"><span class='ocrx_word' id='word_1_300' title='bbox 207 3395 283 3466; x_wconf 86' lang='lat' dir='ltr'>apel·</span> <span class='ocrx_word' id='word_1_301' title='bbox 303 3396 331 3450; x_wconf 86' lang='lat' dir='ltr'>ll.</span> <span class='ocrx_word' id='word_1_302' title='bbox 405 3401 439 3450; x_wconf 84' lang='grc'>16</span> <span class='ocrx_word' id='word_1_303' title='bbox 459 3397 503 3450; x_wconf 81' lang='lat' dir='ltr'>est</span> <span class='ocrx_word' id='word_1_304' title='bbox 520 3397 550 3450; x_wconf 91' lang='lat' dir='ltr'>in</span> <span class='ocrx_word' id='word_1_305' title='bbox 567 3402 598 3449; x_wconf 80' lang='lat' dir='ltr'>lt.</span> <span class='ocrx_word' id='word_1_306' title='bbox 627 3398 656 3450; x_wconf 82' lang='lat' dir='ltr'>et</span> <span class='ocrx_word' id='word_1_307' title='bbox 673 3396 703 3450; x_wconf 85' lang='lat' dir='ltr'>in</span> <span class='ocrx_word' id='word_1_308' title='bbox 720 3413 744 3450; x_wconf 82' lang='lat' dir='ltr'>r.</span> <span class='ocrx_word' id='word_1_309' title='bbox 816 3400 849 3450; x_wconf 82' lang='lat' dir='ltr'>aa</span> <span class='ocrx_word' id='word_1_310' title='bbox 870 3393 983 3448; x_wconf 84' lang='lat' dir='ltr'>Thracii</span> <span class='ocrx_word' id='word_1_311' title='bbox 1001 3410 1026 3448; x_wconf 87' lang='lat' dir='ltr'>o.</span> <span class='ocrx_word' id='word_1_312' title='bbox 1055 3390 1177 3463; x_wconf 80' lang='lat' dir='ltr'>thracidi</span> <span class='ocrx_word' id='word_1_313' title='bbox 1194 3396 1223 3446; x_wconf 72' lang='lat' dir='ltr'>r.</span> <span class='ocrx_word' id='word_1_314' title='bbox 1299 3439 1300 3462; x_wconf 46' lang='grc' dir='ltr'>Ι</span> 
     </span>
     <span class='ocr_line' id='line_1_38' title="bbox 205 3463 1225 3538; baseline -0.002 -20"><span class='ocrx_word' id='word_1_315' title='bbox 205 3465 302 3520; x_wconf 77' lang='lat' dir='ltr'>bracili</span> <span class='ocrx_word' id='word_1_316' title='bbox 320 3465 357 3519; x_wconf 67' lang='grc' dir='ltr'>α’,</span> <span class='ocrx_word' id='word_1_317' title='bbox 387 3466 454 3520; x_wconf 90' lang='lat' dir='ltr'>-cidi</span> <span class='ocrx_word' id='word_1_318' title='bbox 472 3483 495 3520; x_wconf 81' lang='lat' dir='ltr'>r.</span> <span class='ocrx_word' id='word_1_319' title='bbox 522 3467 526 3534; x_wconf 93' lang='grc' dir='ltr'>Ι</span> <span class='ocrx_word' id='word_1_320' title='bbox 551 3466 685 3538; x_wconf 84' lang='lat' dir='ltr'>bosphori</span> <span class='ocrx_word' id='word_1_321' title='bbox 702 3471 734 3520; x_wconf 78' lang='lat' dir='ltr'>it.</span> <span class='ocrx_word' id='word_1_322' title='bbox 757 3471 836 3531; x_wconf 73' lang='lat' dir='ltr'>§aa</span> <span class='ocrx_word' id='word_1_323' title='bbox 855 3469 917 3520; x_wconf 82' lang='lat'><strong><em>115.</em></strong></span> <span class='ocrx_word' id='word_1_324' title='bbox 1016 3470 1051 3520; x_wconf 76' lang='lat'>24</span> <span class='ocrx_word' id='word_1_325' title='bbox 1069 3463 1225 3534; x_wconf 77' lang='lat' dir='ltr'>separantis</span> 
     </span>
     <span class='ocr_line' id='line_1_39' title="bbox 206 3533 1225 3607; baseline 0.001 -19"><span class='ocrx_word' id='word_1_326' title='bbox 206 3534 244 3588; x_wconf 73' lang='lat' dir='ltr'>d&#39;.</span> <span class='ocrx_word' id='word_1_327' title='bbox 274 3535 354 3589; x_wconf 67' lang='lat' dir='ltr'>uatis</span> <span class='ocrx_word' id='word_1_328' title='bbox 373 3553 396 3590; x_wconf 86' lang='lat' dir='ltr'>r.</span> <span class='ocrx_word' id='word_1_329' title='bbox 470 3543 504 3592; x_wconf 81' lang='lat'>30</span> <span class='ocrx_word' id='word_1_330' title='bbox 522 3537 552 3592; x_wconf 87' lang='lat' dir='ltr'>M</span> <span class='ocrx_word' id='word_1_331' title='bbox 570 3543 601 3591; x_wconf 78' lang='lat' dir='ltr'>tt.</span> <span class='ocrx_word' id='word_1_332' title='bbox 629 3555 659 3591; x_wconf 90' lang='lat' dir='ltr'>m</span> <span class='ocrx_word' id='word_1_333' title='bbox 677 3543 706 3591; x_wconf 73' lang='lat' dir='ltr'>Il.</span> <span class='ocrx_word' id='word_1_334' title='bbox 738 3538 768 3592; x_wconf 87' lang='lat' dir='ltr'>in</span> <span class='ocrx_word' id='word_1_335' title='bbox 786 3555 809 3592; x_wconf 80' lang='lat' dir='ltr'>r.</span> <span class='ocrx_word' id='word_1_336' title='bbox 882 3541 917 3591; x_wconf 76' lang='lat'>32</span> <span class='ocrx_word' id='word_1_337' title='bbox 934 3537 1047 3607; x_wconf 80' lang='lat' dir='ltr'>portum</span> <span class='ocrx_word' id='word_1_338' title='bbox 1066 3539 1090 3589; x_wconf 82' lang='lat' dir='ltr'>d.</span> <span class='ocrx_word' id='word_1_339' title='bbox 1109 3533 1225 3604; x_wconf 68' lang='lat' dir='ltr'>Lepcim</span> 
     </span>
     <span class='ocr_line' id='line_1_40' title="bbox 207 3605 982 3680; baseline 0.003 -20"><span class='ocrx_word' id='word_1_340' title='bbox 207 3606 245 3660; x_wconf 85' lang='lat' dir='ltr'>od</span> <span class='ocrx_word' id='word_1_341' title='bbox 265 3605 330 3660; x_wconf 82' lang='lat' dir='ltr'>Tac.</span> <span class='ocrx_word' id='word_1_342' title='bbox 350 3623 416 3662; x_wconf 81' lang='lat' dir='ltr'>ann.</span> <span class='ocrx_word' id='word_1_343' title='bbox 439 3610 500 3660; x_wconf 82' lang='lat' dir='ltr'>XII</span> <span class='ocrx_word' id='word_1_344' title='bbox 515 3613 560 3664; x_wconf 82' lang='lat'>63.</span> <span class='ocrx_word' id='word_1_345' title='bbox 588 3610 706 3678; x_wconf 84' lang='lat' dir='ltr'>pontum</span> <span class='ocrx_word' id='word_1_346' title='bbox 725 3625 747 3663; x_wconf 80' lang='lat' dir='ltr'>r.</span> <span class='ocrx_word' id='word_1_347' title='bbox 765 3611 770 3679; x_wconf 92' lang='grc' dir='ltr'>Ι</span> <span class='ocrx_word' id='word_1_348' title='bbox 785 3607 937 3680; x_wconf 68' lang='lat' dir='ltr'>byzantisss</span> <span class='ocrx_word' id='word_1_349' title='bbox 951 3613 982 3662; x_wconf 83' lang='lat' dir='ltr'>ii.</span> 
     </span>
    </p>
   </div>
   <div class='ocr_carea' id='block_1_4' title="bbox 0 0 1314 3940">
    <p class='ocr_par' dir='ltr' id='par_1_10' title="bbox 0 0 1314 3940">
     <span class='ocr_line' id='line_1_41' title="bbox 0 0 1314 3940; baseline 0 0"><span class='ocrx_word' id='word_1_350' title='bbox 0 0 1314 3940; x_wconf 95' lang='lat' dir='ltr'> </span> 
     </span>
    </p>
   </div>
  </div>
 </body>
</html>
