2636 3952
298 79 317 116 b

363 134 447 190 Nar.
466 133 559 189 fflsr.
577 133 617 188 tx
635 138 740 189 or-oa
760 132 886 203 (ra-re)
1067 130 1130 199 153

104 284 236 364 plurimi
254 285 382 364 piscium
401 282 498 344 trihus
516 281 669 343 mensibus
687 281 790 362 Aprili,
807 281 892 362 bloio,
915 281 1009 360 lunio,
1032 280 1130 360 salpae

106 381 267 454 autumno,
291 374 378 453 sangi,
401 373 535 452 torpedo,
558 371 653 451 squali
672 373 751 431 circa
770 371 999 450 aequinoctium,
1026 368 1130 430 molles

106 479 194 544 vere,
217 463 316 541 saepia
330 459 468 524 omnibus
482 459 644 522 mensibus.
686 478 739 520 ora
758 462 824 520 eius
842 459 956 539 glutino
974 459 1132 520 atrammti

107 551 149 612 ad
176 552 306 630 speciem
328 567 402 612 urae
425 550 615 612 cohaerentia
632 548 783 611 masculus
800 550 994 628 prosequitur
1013 547 1131 628 adflatu,

75 639 187 701 sabas
209 638 410 700 sterilescunt.
447 639 547 720 polypi
569 638 666 699 hieme
690 646 809 718 coeunt,
833 640 953 716 pariunt
976 653 1044 696 vere
1068 644 1183 696 oraret

107 727 210 788 tortili
231 726 344 790 vibrata
367 729 519 810 pampino,
541 734 623 789 tanta
646 727 828 788 fecunditate
852 735 887 787 ut
909 725 1130 786 multitudinem

108 833 241 877 ovorum
262 818 354 877 occisi
377 835 437 876 non
460 819 606 897 recipiant
628 835 699 877 cavo
723 817 828 894 capitis
851 834 910 894 quo
933 822 1130 895 praegnantes

108 905 220 966 tulere.
266 923 301 966 ea
324 905 486 966 excludunt
507 921 530 966 1,
554 905 615 985 die,
643 924 659 966 e
684 903 793 984 quihus
816 904 908 964 multa
930 911 1053 984 propter
1076 921 1130 965 nu·

108 1011 232 1054 uterum
254 994 447 1056 intercidunt.
487 994 619 1056 locustae
643 1002 674 1055 et
696 993 811 1072 rehqua
834 995 980 1054 tenuioris
1003 1000 1184 1060 crustaetct

63 1105 94 1144 ιο
110 1091 230 1162 penum
253 1101 306 1143 ονο
329 1101 421 1163 super
438 1101 501 1164 ora,
524 1092 613 1163 atque
631 1086 672 1144 ita
690 1081 841 1143 incubant.
877 1082 1003 1162 polypus
1021 1081 1130 1142 lerina
1206 1099 1209 1104 ·

110 1172 203 1232 modo
221 1172 253 1232 in
272 1174 335 1232 oris
353 1173 447 1251 sedet,
465 1173 553 1233 niodo
567 1189 722 1233 cavernam
742 1170 903 1232 cancellato
922 1169 1130 1232 bracchiorum

110 1259 236 1339 inplexu
259 1259 378 1322 claudit.
423 1263 522 1340 saepia
544 1264 576 1322 in
598 1269 719 1322 terreno
742 1261 821 1338 parit
846 1263 927 1321 inter
948 1259 1130 1321 harundines

112 1357 167 1409 aut
190 1348 286 1410 sicubi
309 1359 394 1410 enata
417 1350 490 1430 alga,
513 1349 644 1411 excludit
666 1351 770 1429 quinto
793 1348 910 1410 decimo
932 1347 994 1410 die:
1025 1348 1129 1428 lolligi-

112 1455 170 1498 nes
192 1440 224 1498 in
243 1437 302 1499 alto
325 1447 462 1500 conserta
480 1457 534 1500 ovo
553 1439 645 1500 edunt
668 1447 702 1500 ut
719 1440 844 1518 saepiae.
883 1454 1043 1519 purpurae,
1065 1456 1130 1499 mu-

68 1547 97 1587 15
112 1528 193 1587 riccs
217 1527 409 1607 eiusdemque
433 1530 552 1606 generis
574 1547 644 1588 vere
667 1530 795 1607 pariunt.
838 1526 937 1588 echini
960 1544 1014 1587 ova
1036 1526 1129 1607 pleni·

113 1615 206 1676 luniis
219 1614 329 1676 hahent
343 1617 449 1697 ldeme,
473 1625 503 1678 et
522 1616 639 1677 cocleae
658 1615 784 1677 hiberno
803 1623 937 1695 tempore
957 1624 1129 1677 nascuntur.

183 1697 257 1785 (75)
281 1704 419 1785 'lorpedo
437 1713 598 1786 octogenos
617 1707 695 1766 ictus
714 1705 826 1766 hahens
844 1707 1004 1785 invenitur,
1027 1723 1120 1785 eaque
1133 1712 1183 1763 tot

115 1795 195 1853 intra
217 1811 249 1854 se
272 1796 350 1874 parit
373 1813 427 1854 ora
448 1794 620 1874 praemollia
642 1797 673 1855 in
697 1794 788 1855 alium
810 1794 908 1855 locum
932 1795 1011 1855 uteri
1034 1802 1129 1854 trans-

115 1881 217 1942 ferens
240 1890 329 1962 atque
351 1881 393 1943 ibi
416 1882 585 1944 excludens.
622 1882 711 1944 simili
734 1883 822 1944 modo
845 1885 944 1944 omnia
967 1899 1043 1961 quac
1067 1901 1129 1943 car·

70 1991 102 2031 so
115 1970 253 2050 tilagiuea
275 1971 494 2052 appellavimus.
538 1975 579 2033 ita
602 1973 635 2032 lit
662 1980 697 2032 ut
723 1971 785 2032 sola
811 1973 940 2050 piscium
967 1979 998 2032 et
1023 1969 1130 2032 animal
1144 1993 1170 2034 aa

115 2061 232 2139 pariant
255 2068 285 2121 et
302 2079 356 2121 ova
375 2063 552 2140 concipiant.
589 2060 700 2122 silurus
718 2079 781 2121 mas
801 2059 882 2121 solus
901 2061 1033 2122 omnium
1052 2060 1130 2120 edita

116 2149 247 2211 custodit
267 2168 329 2231 ova,
352 2168 440 2230 saepe
460 2157 489 2210 et
508 2151 725 2228 quinquagenis
743 2147 857 2229 diebus,
880 2167 918 2209 ne
937 2146 1131 2208 absumantur

116 2237 154 2298 ab
180 2237 254 2300 aliis.
308 2247 426 2300 ceterae
453 2239 579 2299 feminac
611 2241 643 2299 in
670 2238 770 2300 triduo
802 2237 976 2317 excludunt,
1016 2238 1040 2298 si
1068 2255 1130 2296 mas

116 2329 221 2406 attigit.

73 2434 103 2476 25
183 2408 258 2500 (76)
281 2415 361 2477 Acus
379 2418 440 2477 sive
454 2415 561 2477 belone
577 2434 657 2476 unus
669 2417 797 2496 piscium
811 2414 984 2476 dehiscente
998 2422 1122 2494 propter
1132 2423 1184 2473 166

117 2503 337 2566 multitudinem
360 2513 447 2566 utero
470 2507 556 2585 parit.
593 2523 609 2564 a
632 2513 721 2584 partu
744 2503 885 2566 coalescit
906 2502 1027 2585 vulnus,
1051 2502 1130 2583 quod

118 2601 147 2654 ct
170 2595 201 2654 in
224 2595 322 2654 caeeis
349 2593 549 2674 serpentibus*
566 2594 696 2656 tradunt.
742 2611 810 2654 mus
836 2595 969 2656 marinus
996 2595 1027 2653 in
1050 2601 1131 2654 terra

48 2699 55 2712 ·
118 2681 223 2743 scrobe
247 2683 355 2743 effosso
377 2685 455 2761 parit
478 2700 532 2743 ova
555 2691 586 2743 et
608 2700 714 2744 rursus
737 2681 838 2743 obrult
860 2689 953 2763 terra,
979 2683 1131 2742 tricesimo

118 2771 165 2832 die
187 2771 302 2832 relossa
325 2773 421 2850 aperit
443 2772 596 2851 ictumque
618 2775 651 2832 in
673 2789 781 2850 aquam
802 2769 894 2832 ducit.

77 2879 105 2918 eo
183 2853 242 2922 tt.
267 2853 341 2943 (77)
363 2859 500 2940 Erythini
519 2869 549 2922 et
567 2860 698 2922 channae
717 2859 816 2920 volvas
833 2859 945 2920 hahere
963 2857 1131 2940 traduntur,

119 2951 169 3028 qui
192 2949 313 3010 trochos
336 2948 500 3029 appellatur
523 2948 679 3010 adraecls
701 2951 765 3029 ipsc
789 2966 821 3008 se
844 2950 930 3008 inire.
967 2949 1046 3009 letus
1069 2965 1146 3027 om·¹

119 3040 201 3098 nium
223 3035 396 3116 aquatilium
418 3039 497 3098 inter
519 3039 604 3098 initia
625 3040 692 3098 visu
714 3045 827 3098 carent.
1142 3049 1160 3068 ‘⁵

184 3121 242 3188 53.
267 3119 342 3208 (78)
364 3126 436 3187 heri
452 3129 581 3206 piscium
594 3127 817 3188 memorandum
835 3143 932 3206 nuper
954 3124 1122 3206 exemplum
1133 3133 1183 3185 tt't

189 3331 433 3392 emoliitudinsm
450 3333 492 3388 Ρ.
521 3349 567 3388 ·nc
585 3350 609 3387 r.
683 3339 716 3387 13
735 3332 834 3401 quinto
853 3349 886 3386 ac
905 3332 1014 3388 decimo
1032 3337 1064 3386 lt.

121 3411 151 3461 tt
170 3405 277 3460 habens
294 3419 320 3460 o.
339 3403 541 3460 -eut1¹1¹et.
570 3405 612 3458 ·et
628 3421 651 3458 r.
730 3409 763 3458 19
782 3401 967 3474 cartilaginea
983 3419 1008 3457 o.
1036 3419 1085 3457 -am
1103 3403 1131 3458 ll.

188 3481 223 3530 25
241 3475 342 3532 belone
359 3493 385 3531 o.
412 3475 463 3544 cfr.
473 3475 562 3531 Arici.
571 3476 596 3530 h.
607 3493 633 3530 c.
647 3477 690 3528 VI
694 3479 732 3530 13
740 3491 772 3544 p.
782 3478 839 3530 667
847 3473 883 3542 Β,
897 3478 945 3531 23.
972 3473 1084 3528 bellone
1103 3473 1131 3527 ll.
1180 3495 1182 3499 ·

188 3553 223 3604 it
242 3547 377 3604 coalescit
394 3545 453 3603 cet
484 3546 624 3616 qualescit
645 3550 677 3600 Ι.
710 3546 794 3614 qucle
812 3544 850 3598 sit
866 3562 894 3604 n
922 3543 1050 3598 callescit
1071 3543 1130 3596 edd.

120 3624 176 3676 cett.
250 3620 379 3700 ittarta
395 3631 419 3674 o.
448 3635 505 3674 ras
524 3618 552 3674 li.
626 3624 660 3672 33
678 3614 889 3671 memorandum
907 3630 932 3670 o.
959 3629 1069 3668 numer-
1086 3613 1114 3665 ll.
