2636 3952
319 131 403 186 unu.
422 131 514 190 fflsr.
533 132 572 188 lx
590 137 696 188 m-cc
715 132 841 202 (cr-ro)
1027 131 1090 198 149

75 283 208 360 trituque
231 288 334 360 petrae
357 280 524 362 scalpentes
546 284 696 361 pruritum
718 281 838 344 invadit.
877 282 980 343 cadem
998 289 1089 344 noctu

74 371 210 450 pectines
234 377 264 430 et
287 369 409 430 echinos
431 372 588 450 perquirit„
624 387 693 432 cum
716 370 866 432 admoveri
889 369 946 431 sihi
969 389 1090 433 manum

74 460 176 540 sentit,
193 457 324 519 colorem
339 466 435 519 mutat
453 466 483 520 et
497 458 691 521 contrahitur.
727 468 805 521 tacto
819 460 976 522 uredinem
990 461 1091 543 mittit,

72 548 256 628 paulumque
274 549 300 608 si
319 548 376 608 init
392 547 548 629 intervalli,
570 547 771 611 absconditur.
807 567 860 610 ora
883 552 914 611 ei
934 549 966 610 ln
988 549 1089 611 radice

45 655 141 698 cesse
165 636 333 717 traduntur,
356 645 545 698 excrementa
566 655 622 718 per
639 655 755 698 summa
773 640 857 700 tenui
879 638 977 700 listula
995 637 1089 700 reddi.

142 719 216 808 (69)
240 724 445 805 spongearum
467 727 525 786 tria
547 743 657 805 genera
678 729 863 807 accepimnst
892 729 1022 808 spissum
1045 740 1141 791 ac148

72 815 257 895 praedurum
286 822 318 876 ct
346 833 485 894 asperum
514 823 614 896 tragos
645 813 703 894 [id]
734 824 867 898 vocatur,
898 818 1028 896 spissum
1058 825 1090 878 et

74 903 194 966 mollins
217 921 328 986 manos,
350 912 440 965 tenue
464 903 664 987 densumque,
686 923 723 966 ex
746 921 806 986 quo
828 904 969 986 penicilli,
992 905 1088 967 ionil-

72 995 156 1055 lium.
202 1001 366 1056 nascuntur
388 1011 493 1054 omnes
516 995 547 1054 in
569 995 677 1076 petris,
700 993 821 1055 aluntur
844 993 976 1076 conchis,
997 997 1089 1074 pisce,

33 1085 153 1144 1olimo.
198 1082 383 1144 intellectum
405 1085 504 1145 inesse
526 1083 574 1144 bis
598 1091 728 1165 apparet,
751 1085 829 1165 quia,
852 1081 904 1144 ubi
923 1081 1090 1144 avulsorem

72 1189 205 1254 sensere,
224 1179 392 1233 contractae
406 1171 500 1234 multo
514 1172 666 1234 difficillus
679 1171 902 1233 abstrabuntur.
939 1172 996 1232 hoc
1010 1171 1090 1233 idem

72 1263 167 1323 tinctu
185 1260 321 1340 pulsante
340 1262 460 1323 iaciunt.
496 1263 595 1324 vivere
614 1281 682 1322 esca
700 1262 857 1323 manifesto
876 1261 1006 1322 conchae
1025 1263 1078 1321 mi·
1090 1271 1141 1320 149

72 1359 164 1412 nutae
187 1353 220 1410 in
237 1349 284 1411 his
302 1359 439 1431 repertae
462 1351 633 1412 ostendunt.
673 1353 752 1412 circa
770 1351 910 1412 Toronen
929 1352 1009 1411 vesci
1031 1349 1090 1411 illis

72 1438 191 1501 avrrlsas
214 1441 302 1500 etiam
325 1441 409 1500 aiunt
431 1447 462 1500 et
481 1458 520 1501 cx
538 1440 651 1501 relictis
670 1439 820 1501 radicibus
840 1455 1021 1501 recrescere.
1057 1441 1090 1500 in

34 1547 58 1584 15
72 1531 169 1608 petris
187 1531 303 1590 cruoris
322 1547 441 1608 qnoque
460 1528 596 1590 inhaeret
609 1529 700 1611 colos,
718 1529 825 1590 Africis
838 1530 999 1610 praecipue
1014 1545 1091 1606 quae
1115 1528 1118 1532 ⁴

72 1625 257 1697 generantur
279 1619 310 1678 in
335 1616 481 1698 Syrtibus.
518 1620 661 1679 maximae
680 1619 757 1679 flunt
775 1637 880 1686 manoe
905 1618 957 1679 sed
980 1616 1089 1678 mollis·

73 1709 166 1767 simae
190 1709 269 1767 circa
291 1705 419 1788 Lyciam,
443 1707 475 1767 in
497 1708 646 1791 profundo
670 1715 770 1768 autem
792 1723 848 1768 nec
870 1715 995 1768 ventoso
1018 1706 1091 1767 mol-

73 1796 173 1856 liores.
218 1797 249 1856 in
279 1794 471 1877 Hellesponto
502 1813 638 1878 asperae,
668 1804 699 1858 et
720 1795 830 1856 densae
856 1797 936 1856 circa
959 1795 1090 1856 llaleam.

73 1891 255 1965 putrescunt
283 1885 314 1944 in
343 1886 452 1965 apricis
480 1885 568 1969 locis,
597 1883 665 1946 ideo
695 1887 823 1964 optimae
850 1887 883 1946 in
914 1883 1090 1964 gurgitibus.

36 1973 242 2035 revirentibus
269 1973 349 2035 idem
377 1975 429 2054 qui
452 1973 640 2035 madentibus
665 1976 814 2054 nigricans
837 1973 927 2034 colos.
973 1972 1144 2034 adhue-loo

74 2071 142 2124 rent
165 2081 222 2123 nec
240 2070 324 2142 parte
344 2080 400 2124 nec
419 2071 508 2124 totae.
544 2065 697 2124 intersunt
715 2064 794 2122 enim
812 2061 927 2122 listulas
947 2062 1091 2142 quaedam

73 2155 179 2214 inanes
207 2157 369 2232 quaternae
397 2152 460 2213 lere
484 2159 536 2213 aut
559 2151 680 2232 qtdnac,
711 2169 767 2230 per
789 2167 863 2229 quas
885 2153 968 2232 pasci
991 2152 1091 2212 eristi·

74 2249 203 2304 mantur.
240 2249 311 2303 suut
333 2249 364 2302 et
386 2241 469 2323 aliae,
492 2241 544 2302 scd
566 2257 696 2320 snpeme
715 2247 881 2300 concretae.
918 2248 949 2301 et
966 2237 1091 2301 subesse

74 2329 247 2391 membrana
275 2331 420 2409 quaedam
445 2329 596 2392 radicibus
624 2346 727 2390 earum
754 2327 946 2408 intellegitur.
991 2329 1091 2388 vivere

38 2432 61 2472 25
75 2425 193 2480 constat
205 2418 293 2497 longo
308 2426 451 2499 tompore.
494 2420 658 2499 pessimum
672 2419 805 2478 omnium
819 2433 913 2496 genus
928 2425 974 2477 est
988 2433 1091 2476 earum

76 2525 151 2586 quae
175 2505 302 2587 aplysiae
324 2515 479 2589 vocantur,
502 2509 571 2587 qnia
593 2506 653 2569 elui
675 2524 736 2567 non
758 2513 898 2587 possunt,
927 2507 959 2565 in
982 2504 1091 2584 quibus
1186 2521 1191 2528 ·

76 2614 198 2676 magnae
222 2604 294 2658 sunt
314 2596 430 2659 fistulae
454 2595 622 2677 etreliqua
645 2597 777 2656 densitas
800 2597 904 2674 spissa.

142 2679 203 2747 46.
228 2677 303 2768 (70)
335 2685 543 2747 Canicularum
573 2687 700 2746 maxime
730 2682 889 2745 multitudo
920 2685 1001 2743 cirea
1032 2690 1142 2743 easlol

77 2775 231 2834 urinantes
261 2775 343 2854 gravi
369 2773 503 2854 periculo
533 2776 662 2836 infestat.
708 2775 766 2853 ipsi
794 2773 896 2833 ierunt
924 2780 954 2832 et
981 2769 1092 2832 nubem

41 2871 64 2909 ³0
77 2862 223 2938 quandam
255 2873 441 2926 crassescere
474 2881 565 2942 snper
597 2865 692 2943 capita
729 2860 899 2923 animalium
934 2861 1092 2941 planorum

78 2951 204 3025 piscium
226 2951 367 3032 similem,
395 2958 583 3032 prementem
610 2970 661 3012 cos
684 2957 896 3030 arcentemque
922 2969 938 3010 a
960 2951 1091 3028 recipro-

79 3038 184 3120 cando,
214 3047 245 3099 et
271 3039 310 3100 ob
336 3041 366 3100 id
394 3039 477 3101 stilos
504 3048 680 3120 praeacutos
708 3040 795 3101 lineis
823 3039 954 3101 adnexos
981 3037 1092 3098 babere

80 3183 290 3198 *ᾕ--ι-ι

148 3269 164 3317 2
183 3264 404 3335 perquirit-12⁹.
431 3263 591 3334 perqooiril
606 3279 629 3319 r.
702 3271 720 3318 4
738 3264 765 3319 ei
782 3279 806 3320 o.
835 3267 865 3320 eb
882 3265 910 3319 ll.
926 3265 932 3332 Ι
946 3261 1042 3317 radice
1059 3267 1091 3316 a.

81 3347 136 3386 -cee
153 3351 175 3390 r.
267 3343 386 3392 laeuos
403 3351 450 3406 epo
463 3336 549 3408 posui
566 3339 592 3390 et
609 3334 735 3391 diotmci.
850 3334 1033 3402 ndidemque
1052 3337 1094 3386 dr

82 3401 137 3458 cdd.
155 3411 216 3462 vett.
242 3408 366 3476 itemque
384 3405 471 3462 Burb.
500 3423 540 3461 uu
556 3405 732 3476 iisdemque?
761 3406 812 3474 cfr.
825 3407 913 3462 Actu.
931 3405 957 3460 lc.
972 3421 998 3460 a.
1018 3407 1046 3456 V
1055 3408 1093 3457 16

79 3475 512 3560 p.548b,29.1adhaerento.
542 3477 654 3560 sherens
673 3477 700 3533 ll.
773 3483 808 3534 26
826 3475 952 3560 aplysiae
969 3491 994 3529 v.
1024 3473 1093 3554 -iioe
1152 3521 1159 3536 .

86 3545 138 3597 Μ.
165 3549 242 3603 chae
260 3552 285 3603 d.
314 3549 405 3619 -yciae
424 3566 446 3603 r.
468 3550 473 3618 Ι
493 3549 549 3604 elur
566 3549 654 3604 Borb.
683 3549 732 3603 dui
749 3553 780 3602 B.
804 3547 882 3603 flunn
901 3565 924 3601 r.
980 3552 1014 3600 30
1033 3559 1092 3597 em·

83 3613 193 3671 melium
211 3623 280 3675 dio.
309 3620 342 3674 -li
360 3638 383 3676 r.
412 3651 445 3661 -
460 3619 566 3676 animal
583 3619 613 3675 id
628 3651 660 3660 -—
679 3620 753 3676 Detl.
785 3621 835 3687 cfr.
854 3635 915 3673 noo.
934 3617 986 3670 luc.
1001 3617 1091 3682 pas.
