2620 3948
181 104 222 168 76
528 104 556 158 Ο.
576 103 675 158 PLINl
695 102 853 156 SECUNDI

178 273 234 314 nec
258 254 337 313 idem
360 253 471 332 pollere
495 255 554 313 nisi
576 253 870 332 viventidereptum.
901 251 964 311 dics
984 251 1093 330 quibus
1112 260 1201 312 coeat

162 350 241 402 ‘toto
266 361 342 401 anno
366 361 426 402 non
450 343 575 421 amplius
600 342 764 408 duodecim.
811 341 939 401 eundem
961 343 992 401 in
1017 341 1093 400 fame
1116 343 1197 400 vesci

178 439 259 490 terra
286 433 367 490 inter
393 433 528 511 auguria,
561 431 595 490 ad
625 431 777 490 dexteram
805 432 1034 490 commeantium
1060 432 1196 508 praeciso

178 521 286 578 itinere
311 521 336 578 si
358 518 446 597 pleno
469 520 499 579 id
523 537 574 578 ore
598 520 716 600 feccrit,
746 519 860 579 ntdlum
888 521 1021 579 ominum
1044 525 1195 596 praestan-

125 612 161 659 84
180 609 248 667 tius
294 610 417 668 suntin
442 627 477 667 eo
501 625 610 686 genere
634 609 686 686 qui
714 609 827 667 cervari
850 615 1008 687 vocantur,
1039 605 1157 683 qualem
1179 617 1229 665 ef>

37 686 40 696 ’
139 707 166 745 ⁷⁰
180 694 271 755 Gallia
295 697 326 755 in
350 695 473 775 Pompei
496 695 593 774 Magni
615 695 726 756 harena
754 703 920 779 spectatum
944 695 1080 756 diximus
1125 695 1195 755 huic

180 787 312 862 quamvis
335 787 366 844 in
390 785 465 844 fame
489 785 653 865 mandenti,
682 787 706 844 si
730 786 909 864 respexerit,
937 783 1114 843 oblivionem
1138 782 1196 843 cibi

179 871 342 952 subrepere
366 876 449 934 aiunt
471 874 698 952 digressumque
723 891 867 951 quaerere
891 873 978 933 aliud.

87 969 92 974 '
124 965 159 1015 85
246 954 302 1022 23.
333 955 409 1044 (35)
460 962 545 1032 Quod
574 963 609 1022 ad
637 968 793 1040 serpentes
821 964 940 1040 attinet,
971 960 1122 1038 vulgatum
1151 967 1197 1019 est

179 1049 309 1109 colorem
338 1053 402 1111 eius
425 1050 583 1129 plerasque
606 1058 704 1110 terrae
727 1049 837 1110 habere
862 1053 893 1110 in
917 1067 974 1128 qua
998 1049 1195 1108 occultentur.
1211 1063 1243 1102 ιο

178 1140 335 1198 innumera
359 1157 425 1198 esse
444 1157 562 1217 genera.
593 1141 716 1198 cerastis
740 1157 864 1217 corpore
889 1141 1020 1198 eminere
1045 1137 1202 1210 cornicula,

178 1243 266 1304 saepe
291 1228 526 1306 quadrigemina,
550 1245 679 1305 quorum
702 1235 785 1288 motu
808 1226 924 1305 reliquo
948 1244 1074 1305 corpore
1098 1225 1195 1285 occul-

177 1322 239 1374 tato
264 1315 423 1375 sollicitent
447 1316 481 1374 ad
507 1333 538 1374 se
562 1333 638 1375 aves.
674 1318 825 1393 geminum
848 1323 938 1394 caput
960 1312 1196 1394 amphisbaenas,

177 1401 234 1462 hoc
259 1409 304 1463 est
328 1411 358 1463 et
381 1422 397 1462 a
420 1404 522 1485 cauda,
548 1411 697 1481 tamquam
719 1421 826 1483 parum
850 1411 929 1463 esset
952 1421 1011 1463 uno
1035 1420 1087 1461 ore
1111 1402 1197 1462 fundi

177 1508 334 1550 venenum.
368 1491 431 1550 aliis
455 1509 592 1569 squamas
616 1511 695 1573 esse,
719 1492 782 1552 aliis
805 1495 950 1572 picturaS,
974 1490 1111 1551 omnibus
1135 1493 1241 1550 exi-15

178 1578 247 1637 tiale
270 1581 361 1638 virus.
407 1579 536 1639 iaculum
564 1599 600 1640 ex
628 1580 768 1641 arborum
796 1583 885 1641 ramis
913 1579 1036 1660 vibrari,
1066 1597 1121 1639 nec
1144 1598 1196 1658 pe-

178 1664 265 1725 dibus
298 1674 414 1728 tantum
445 1668 592 1747 pavendas
626 1677 780 1747 serpentes
813 1669 864 1730 sed
898 1663 928 1729 et
959 1668 1066 1728 missili
1096 1668 1196 1727 volare

177 1762 336 1815 tormento.
370 1755 444 1815 colla
466 1758 602 1836 aspidum
625 1759 918 1819 intumescere
942 1756 1023 1817 nullo
1046 1759 1125 1816 ictus
1148 1775 1195 1816 re·

178 1844 275 1903 medio
303 1853 512 1923 praeterquam
542 1847 567 1905 si
596 1846 753 1906 confestim
782 1854 882 1926 partes
913 1853 1065 1906 contactae
1093 1863 1195 1924 ampu-

124 1939 159 1988 86
178 1939 288 1992 tentor.
320 1951 399 1993 unus
423 1933 492 1994 lruie
516 1941 575 1994 tam
594 1935 736 2012 pestifero
760 1935 877 1996 animali
901 1953 1007 1995 sensus
1030 1933 1075 1993 vel
1093 1936 1195 2013 potius
1210 1949 1240 1988 20
1303 1954 1309 2005 t

178 2019 312 2081 adfectus
337 2029 390 2082 est.
426 2025 562 2102 coniugia
586 2024 680 2084 ferme
705 2032 855 2104 vagantur,
878 2043 933 2084 neo
957 2025 1014 2083 nisi
1039 2040 1107 2082 cum
1129 2025 1195 2101 pari

177 2110 236 2168 vita
259 2116 313 2170 est.
359 2113 458 2189 itaque
487 2111 629 2191 alterutra
656 2115 835 2192 interempta
861 2110 1044 2172 incredibilis
1072 2109 1195 2172 ultionis

177 2197 262 2257 alteri
287 2207 381 2259 eura·
411 2203 603 2279 persequitur
625 2202 862 2283 interfectorem,
894 2218 1047 2278 unumque
1071 2201 1194 2259 eumin

177 2285 362 2364 quantolibet
391 2289 493 2367 populi
526 2291 641 2367 agmine
673 2292 777 2351 notitia
805 2289 931 2368 quadam
961 2288 1094 2368 infestat,
1126 2306 1193 2367 per-

176 2377 289 2454 rumpit
308 2394 411 2436 omnes
430 2377 628 2460 difficultates,
651 2387 785 2457 permeat
803 2380 896 2457 spatia
915 2397 970 2438 nec
985 2379 1043 2436 nisi
1057 2376 1193 2436 amnibus
1209 2389 1237 2430 25

176 2471 297 2523 arcetur
323 2471 373 2524 aut
395 2466 560 2544 praeceleri
583 2468 659 2545 fuga.
1244 2465 1248 2472 ’

122 2557 157 2606 87
243 2551 309 2610 Non
333 2560 379 2612 est
402 2555 488 2614 fateri
511 2573 614 2614 rerum
637 2562 742 2615 natura
766 2556 876 2634 largius
899 2555 975 2615 mala
1002 2574 1038 2615 an
1062 2555 1193 2616 remedia

176 2643 321 2718 genuerit.
373 2643 431 2701 iam
457 2645 588 2722 primum
615 2643 738 2705 hebetes
768 2644 871 2706 oeulos
898 2644 968 2705 huic
998 2644 1074 2704 malo
1102 2644 1194 2724 dedit,

69 2794 74 2804 ,
176 2747 287 2808 eosque
316 2748 375 2789 non
403 2732 434 2790 in
458 2732 571 2814 fronte,
601 2733 727 2794 adversa
752 2740 787 2793 ut
809 2741 960 2815 cerneret,
989 2734 1095 2793 sedin
1119 2740 1192 2793 tem-

234 2942 260 3008 Ι1
282 2935 428 3005 dereptum
446 2943 477 2990 tt.
506 2937 560 2992 dir·
579 2956 602 2992 r.
671 2939 769 2993 astet.
789 2955 843 3008 eqo.
910 2939 1071 2993 dominum
1089 2942 1113 2995 d.
1141 2937 1192 2992 ho·

173 3005 281 3060 minum
303 3011 358 3060 BT.
395 3008 564 3063 omniumr.
658 3015 718 3064 5.6
747 3011 829 3078 quale
856 3009 950 3064 Gallis
973 3015 1005 3063 lt.
1040 3009 1137 3078 quales
1162 3009 1192 3063 in

175 3076 269 3131 Gallia
287 3082 310 3130 d.
392 3084 424 3132 11
445 3083 566 3133 cerastes
584 3080 716 3135 R⁹dRoln
746 3081 794 3134 -sli
811 3080 855 3135 12¹.
937 3087 1027 3135 1213
1050 3080 1192 3135 occultato

172 3148 270 3203 arico.
300 3149 371 3204 -ulto
394 3167 417 3204 r.
510 3155 543 3205 15
567 3151 619 3204 olis
643 3153 687 3204 12¹.
722 3153 726 3221 Ι
761 3169 891 3220 squamas
913 3153 955 3205 Ξῖ.
984 3169 1130 3221 squamam
1153 3150 1191 3204 α’,

173 3236 272 3287 squam
291 3220 335 3274 3².
364 3237 496 3289 quamam
515 3221 551 3276 αἱ.
580 3221 610 3275 in
628 3239 712 3290 quam
732 3223 768 3277 di.
798 3241 883 3292 quam
901 3241 923 3277 r.
1011 3229 1043 3277 17
1062 3221 1192 3292 pavenda

171 3291 216 3344 ΕΙ.
246 3291 286 3344 -di
304 3291 369 3344 Rld.
444 3297 477 3346 18
497 3293 626 3348 lacunam
644 3295 769 3350 indicavi
787 3311 842 3364 eqo.
869 3295 976 3349 interiit
993 3295 1109 3361 fortasse
1126 3294 1192 3348 hoec

171 3363 320 3416 sententio:
349 3361 438 3416 ‘deute
461 3365 577 3418 ictorum
599 3365 714 3420 onlnem
732 3366 954 3440 putrescere';
986 3363 1190 3431 escariotis.

172 3447 199 3485 α,
224 3433 298 3483 VIII
311 3437 350 3487 29
364 3436 558 3501 p.607A,22.
593 3436 597 3502 Ι
630 3435 722 3507 istuis]
736 3442 768 3491 R.
860 3443 893 3491 23
911 3437 1089 3506 persequitur
1106 3433 1141 3486 Ρ
1158 3435 1192 3488 io

171 3500 458 3640 q·og,3o.eferqequitur
471 3510 501 3559 Ι),
526 3507 651 3574 sequitur
665 3524 688 3561 r.
707 3521 711 3536 ¹
744 3514 777 3563 29
798 3509 915 3563 adversa
930 3510 963 3562 ut
976 3507 1074 3565 Ianne.
1100 3523 1142 3560 -so
1162 3507 1190 3560 u.

236 3588 268 3622 rn
285 3588 314 3624 Υθ
353 3615 358 3626 .

986 3705 996 3741 1
