2588 3956
528 123 534 136 ἢ

226 160 290 224 134
580 156 608 211 C.
628 157 726 212 PLINI
746 155 902 212 suenum

223 328 256 369 re
281 307 496 387 quodammodo
524 306 659 368 familiari
687 306 782 367 callet,
827 300 925 366 omnia
950 308 983 366 in
1010 306 1136 368 domum
1165 326 1245 368 oom-

222 404 334 477 portat,
364 397 432 458 dein
462 398 614 476 putamina
644 414 729 456 erosa
759 413 848 456 carne
878 396 973 473 egerit
1004 397 1244 475 adnatantesque

168 495 204 546 87
222 485 381 565 pisciculos
404 485 441 545 ad
464 503 499 544 ea
517 492 650 546 venatur.
691 483 822 544 colorem
839 490 934 545 mutat
957 484 994 543 ad
1012 484 1244 546 similitudinem

222 575 289 656 loci,
312 581 343 634 et
365 575 491 634 maxime
510 575 542 634 in
560 580 650 634 metu.
692 575 790 652 ipsum
809 571 947 633 bracchia
967 591 1019 632 sua
1038 573 1150 633 rodere
1172 573 1244 634 falsa

222 665 323 742 opinio
347 670 402 744 est,
424 663 455 723 id
478 665 557 724 enim
580 682 597 722 a
615 664 734 741 congris
756 663 854 722 evenit
873 663 909 721 ei.
951 662 1004 721 sed
1022 663 1144 722 renasci
1165 665 1266 722 sicula

223 751 327 812 colotis
351 760 380 812 et
403 751 522 812 lacertis
546 751 654 812 caudas
677 750 755 812 haud
778 750 894 811 salsum.

168 848 203 899 88
290 832 363 922 (47)
397 841 478 901 lnter
501 841 661 920 praecipua
684 846 784 900 autem
805 838 947 899 miracula
970 846 1016 898 est
1040 841 1092 916 qui
1117 847 1242 901 vocatur

222 929 359 1010 nautilos,
382 929 419 991 ab
442 929 507 990 aliis
529 927 684 1008 pompilos
731 930 856 1007 supinus
879 929 910 988 in
934 945 1048 988 summa
1072 942 1241 1007 aequorum

219 1021 356 1098 pervenit
384 1020 426 1078 ita
455 1037 487 1078 se
510 1017 652 1097 paulatim
674 1015 868 1096 adsubrigens
891 1023 924 1077 ut
947 1017 1054 1076 emissa
1078 1019 1165 1078 omni
1188 1035 1241 1096 per

219 1107 350 1167 fistulam
386 1125 461 1186 aqua
498 1106 579 1168 velut
616 1113 794 1166 exoneratus
833 1107 950 1166 sentina
988 1103 1072 1165 iacile
1111 1107 1240 1185 naviget.
1253 1119 1273 1157 1⁰

220 1204 324 1275 postea
350 1197 446 1274 prima
473 1195 532 1256 duo
560 1194 697 1255 bracchia
723 1201 903 1273 retorquens
931 1192 1136 1254 membranam
1161 1196 1239 1254 inter

219 1284 269 1345 illa
292 1286 384 1345 mirae
407 1286 561 1345 tenuitatis
583 1283 724 1363 extendit,
747 1301 805 1362 qua
824 1282 987 1344 velificante
1010 1283 1135 1343 inaura
1160 1291 1238 1344 cete-

220 1376 262 1433 ris
286 1373 492 1452 subremigans
515 1372 662 1434 bracchiis
686 1371 781 1432 media
805 1390 837 1431 se
861 1370 953 1431 cauda
976 1377 1010 1430 ut
1032 1369 1237 1448 gubernaculo

219 1464 305 1540 regit.
346 1464 387 1522 ita
405 1461 485 1522 vadit
507 1462 566 1521 alto
583 1459 813 1522 Liburnicarum
831 1459 937 1520 ludens
955 1460 1091 1539 imagine,
1116 1463 1143 1519 si
1165 1461 1236 1538 qnid

219 1553 337 1629 pavoris
360 1551 546 1630 interveniat,
569 1549 674 1610 hausta
698 1567 728 1608 se
753 1566 890 1627 mergens
913 1565 997 1626 aqua.
1249 1561 1286 1602 n*

168 1639 202 1688 89
289 1631 349 1699 30.
374 1632 448 1720 (48)
472 1637 653 1718 Polypornm
675 1639 793 1716 generis
816 1645 862 1698 est
885 1653 992 1696 ozaena
1015 1636 1092 1696 dicta
1116 1655 1132 1696 a
1155 1640 1236 1716 gravi

220 1728 325 1805 capitis
344 1726 445 1807 odore,
468 1725 506 1786 ob
525 1726 582 1786 hoc
601 1728 725 1788 maxime
749 1727 882 1787 murenis
901 1743 965 1786 eam
984 1725 1234 1786 consectantibus.

286 1813 389 1895 Polypi
412 1803 664 1876 binismfflsihns
687 1814 866 1875 conduntur.
907 1812 984 1874 ultra
1007 1811 1152 1874 bimatum
1176 1834 1233 1875 non

211 1905 330 1964 uiuunt.
374 1912 503 1984 pereunt
527 1911 626 1965 autem
649 1902 716 1962 tabe
741 1921 867 1982 semper,
898 1902 1023 1962 feminae
1052 1901 1181 1964 celerius
1206 1913 1232 1963 et

220 1993 283 2052 iere
307 2010 324 2052 a
346 2001 442 2072 partu.
1243 2005 1263 2042 2⁰

221 2075 223 2082 ‘
286 2081 352 2142 Non
376 2089 445 2142 sunt
468 2080 685 2161 praetereunda
708 2087 739 2139 et
760 2078 793 2139 L.
811 2078 936 2140 Lucullo
958 2080 1137 2158 proconsule
1160 2080 1228 2141 Bae·

220 2171 294 2230 ticae
318 2178 470 2250 comperta
494 2170 531 2231 de
553 2169 669 2249 polypis
692 2187 767 2248 quae
792 2167 945 2228 Trebius
968 2166 1077 2246 Niger
1103 2187 1119 2228 e
1143 2172 1229 2230 comi-

166 2259 199 2308 90
218 2257 299 2320 tibus
313 2261 378 2320 eius
392 2258 534 2338 prodidit:
554 2258 738 2318 avidissimos
752 2275 818 2316 esse
832 2255 1025 2336 concharum,
1044 2255 1108 2318 illas
1123 2257 1158 2317 ad
1172 2266 1228 2318 tac·

218 2355 282 2408 tum
301 2350 457 2426 comprimi
475 2347 680 2426 praecidentes
697 2344 835 2406 bracchia
854 2363 958 2405 eorum
976 2343 1115 2423 ultroque
1133 2364 1227 2407 escam

219 2455 255 2495 ex
277 2435 438 2514 praedante
462 2453 577 2514 capere.
619 2441 721 2495 carent
744 2433 874 2494 conchae
897 2436 963 2494 visu
982 2435 1121 2513 omnique
1140 2453 1225 2495 sensu
1238 2447 1258 2486 25

219 2523 275 2582 alio
299 2541 388 2602 qnam
411 2522 469 2583 cibi
493 2530 523 2582 et
545 2523 678 2602 periculi.
724 2522 904 2583 insidiantur
927 2539 998 2601 ergo
1025 2521 1124 2602 polypi
1146 2542 1223 2603 aper-

219 2613 267 2691 tis,
289 2613 479 2690 inpositoque
503 2609 601 2690 lapillo
625 2619 707 2671 extra
730 2629 849 2691 corpuS,
872 2629 910 2671 ne
933 2610 1077 2690 palpitatu
1098 2613 1222 2673 eiciatur.

217 2701 259 2759 ita
282 2700 382 2759 securi
409 2707 583 2778 grassantur
610 2698 828 2778 extrahuntque
857 2717 970 2761 carnes
1015 2698 1082 2760 illae
1106 2717 1136 2760 se
1158 2720 1220 2762 eon-

217 2786 349 2867 trahunt,
368 2786 420 2848 sed
439 2789 559 2868 frustra,
578 2788 776 2849 discuneatae.
812 2795 893 2849 tanta
912 2787 1043 2848 sollertia
1062 2789 1220 2850 animalium

165 2878 199 2926 91
219 2874 420 2937 hebetissimis
447 2893 566 2956 quoqne
594 2884 648 2937 est.
693 2883 847 2956 praeterea
870 2885 958 2955 negat
985 2875 1078 2937 ullum
1101 2880 1252 2938 auooiusu

218 2983 284 3026 esse
308 2964 414 3025 animal
442 2964 478 3026 ad
502 2965 719 3028 conficiendum
742 2964 892 3026 hominem
917 2967 949 3025 in
972 2982 1055 3043 aqua.
1101 2965 1217 3028 luctatur

289 3285 304 3331 2
329 3278 477 3348 putamina
501 3294 582 3333 erosa
611 3282 636 3331 d.
678 3293 726 3332 -00
750 3292 814 3332 rosa
839 3277 877 3332 α’.
907 3277 966 3332 edd.
990 3281 1054 3331 ante
1076 3277 1138 3331 Dal.
1174 3293 1213 3331 -ne

218 3349 360 3404 0000031.
387 3367 434 3404 -ue
452 3367 517 3404 rosa
534 3367 557 3404 r.
638 3355 654 3402 6
673 3346 774 3404 colotis
791 3348 879 3404 Borb.
903 3347 1019 3403 coloniis
1037 3353 1090 3402 Ba.
1113 3348 1177 3402 eilia
1192 3365 1211 3402 r.

219 3420 335 3491 {canda
348 3426 380 3474 B.
458 3419 677 3490 dedsnhrigens
697 3420 724 3474 lt.
755 3420 832 3473 suhr-
850 3435 875 3473 0.
953 3424 987 3472 14
1002 3418 1111 3490 sssregit
1125 3425 1152 3475 Bt
1176 3436 1211 3473 se-

217 3564 261 3617 001
277 3564 307 3616 et
325 3563 449 3618 ozaena?
481 3565 485 3632 t
518 3579 633 3618 omnena
650 3565 750 3616 Mad.
773 3563 818 3629 10
836 3561 873 3616 ⁸².
892 3578 943 3617 om.
961 3579 984 3616 r.
1061 3565 1095 3616 27
1112 3561 1210 3616 eiciatur

217 3634 256 3688 ed.
275 3634 343 3689 Bae.
373 3634 478 3689 -iantnr
495 3635 523 3706 ll,
578 3638 611 3688 31
632 3649 706 3702 aqua
719 3651 743 3686 a.
767 3649 825 3688 -am
843 3650 867 3689 r.
883 3635 887 3701 Ι
904 3633 1027 3688 luetntru
1044 3648 1068 3688 o.
1093 3633 1207 3688 -anturll

216 3493 285 3561 ngat
302 3492 339 3545 2¹.
368 3492 472 3562 sategit
484 3510 508 3547 r.
531 3495 535 3561 Ι
558 3490 657 3545 ludens
675 3496 699 3543 B
716 3491 793 3546 codd.
813 3491 870 3546 Gal.
901 3489 1026 3561 gaudem
1044 3507 1067 3545 r.
1134 3496 1163 3545 16
1179 3508 1210 3543 aa
1280 3489 1281 3522 ³
