2620 3948
333 121 417 178 uAT.
436 121 528 177 fflsr.
548 125 613 179 vul
631 129 736 180 21-22
756 125 882 194 (ao-34)
1075 124 1117 188 75

98 274 189 334 exitio
213 279 268 332 est.
300 272 373 332 adeo
396 280 519 334 naturae
543 272 616 334 nihil
639 273 750 352 placuit
773 291 838 334 esse
863 276 927 334 sine
950 291 1030 353 pare.
1061 275 1115 334 ini·

98 365 184 422 ciunt
210 361 263 420 has
292 363 426 420 cavernis
450 361 534 422 facile
563 364 688 440 cognitis
717 361 771 422 soli
794 361 870 423 tabe.
918 371 1025 424 necant
1049 363 1115 423 illae

98 449 188 510 simul
210 449 302 510 odore
325 451 568 531 moriunturque,
592 457 622 510 et
644 457 767 511 naturae
789 469 888 530 pugna
912 453 1077 513 coniicitur.

168 533 224 600 22.
244 531 319 619 (34)
352 537 411 598 Sed
430 538 560 600 initalia
583 557 703 618 quoque
726 540 859 601 creditur
876 541 1016 620 luporum
1034 543 1115 601 visus
1134 555 1171 604 80

70 645 165 688 essse
189 629 308 708 noxius,
338 644 500 707 vocemque
523 627 636 689 homini
659 645 749 707 quem
766 623 888 707 'priores
914 628 1114 710 contemplen-

97 723 150 776 tur
173 715 301 776 adimere
326 715 534 794 adpraesens.
566 718 679 777 inertes
702 715 756 776 hos
779 735 945 796 parvosque
963 718 1063 778 Africa
1086 726 1115 777 et

98 805 248 884 Aegyptus
272 806 409 884 gignunt,
439 823 561 884 asperos
583 813 746 885 trucesque
768 805 903 884 frigidior
925 806 1017 886 plaga.
1062 806 1114 865 ho-

98 894 194 952 mines
220 895 252 953 in
280 893 367 972 lupos
394 895 479 953 verti·
497 911 664 973 rursusque
692 895 811 954 restitui
839 894 896 954 sibi
919 895 1025 956 falsum
1048 913 1114 954 esse

98 981 283 1042 confidenter
310 984 479 1044 existimare
508 982 651 1044 debemus
681 990 732 1043 aut
759 983 883 1043 credere
914 986 1011 1044 omnia
1040 1001 1115 1062 quae

57 1091 83 1130 ιο
98 1069 230 1132 lebulosa
253 1078 298 1130 tot
321 1069 446 1130 saecrdis
470 1073 679 1150 comperimus.
724 1071 804 1132 unde
827 1079 926 1132 tamen
949 1074 1005 1132 ista
1028 1071 1114 1150 vulgo

96 1160 187 1218 inlisa
203 1162 251 1219 sit
273 1160 349 1219 lama
376 1161 408 1218 in
432 1163 547 1220 tantum
571 1161 659 1220 utin
682 1160 846 1220 maledictis
869 1159 1042 1238 versipelles
1065 1159 1114 1218 ha·

96 1247 166 1308 beat
189 1246 376 1308 indicabitur.
420 1246 602 1307 Euanthes
624 1250 706 1308 inter
728 1255 867 1308 auctores
890 1247 1030 1308 Graeciae
1054 1265 1114 1308 non
1134 1261 1166 1308 81

97 1343 218 1418 spretus
240 1335 332 1396 tradit
353 1335 482 1396 Arcadas
511 1335 643 1396 scribere
671 1354 708 1396 ex
731 1344 819 1416 gente
843 1336 933 1397 Anthi
960 1336 1115 1398 cuiusdam

97 1431 179 1484 sorte
206 1423 332 1485 familiae
355 1423 466 1485 lectum
494 1425 531 1485 ad
553 1432 691 1504 stagnum
714 1424 862 1504 quoddam
889 1427 1022 1505 regionis
1050 1427 1115 1485 eius

56 1533 83 1574 15
98 1513 168 1574 duci
194 1514 364 1592 vestituque
391 1515 423 1573 in
452 1531 566 1592 quercu
594 1532 740 1592 suspenso
769 1522 887 1575 tranare
915 1522 1004 1593 atque
1032 1513 1114 1573 abire

96 1605 129 1662 in
153 1601 270 1662 deserta
292 1602 557 1681 transfigurarique
579 1603 611 1663 in
631 1597 736 1681 lupum
759 1610 789 1663 et
812 1621 880 1664 cum
904 1605 1012 1663 ceteris
1036 1604 1114 1662 eius-

97 1689 166 1750 dem
188 1692 307 1770 generis
330 1693 505 1769 congregari
527 1709 582 1771 per
605 1709 699 1752 annos
721 1705 809 1753 vnn.
842 1710 902 1771 quo
925 1693 956 1752 in
980 1699 1114 1770 tempore

98 1781 124 1839 si
141 1777 259 1840 homine
284 1797 316 1839 se
335 1778 521 1861 abstinuerit,
545 1783 656 1841 reverti
674 1779 710 1840 ad
728 1780 808 1841 idern
827 1787 965 1859 stagnum
983 1787 1021 1862 et,
1046 1797 1114 1840 cum

98 1870 271 1949 tranaverit,
302 1867 431 1947 effigiem
454 1871 588 1948 recipere
617 1868 653 1929 ad
676 1869 836 1947 pristinum
858 1867 998 1929 habitum·
1015 1867 1114 1928 addito

55 1977 83 2017 so
98 1975 203 2018 novem
222 1975 367 2018 annorum
386 1959 478 2017 senio.
501 1958 532 2018 id
551 1975 669 2037 quoque
688 1975 705 2017 e
724 1956 839 2039 sabulis,
859 1958 982 2018 eandem
1000 1959 1113 2036 recipe-

96 2064 165 2105 rare
189 2053 309 2106 restem.
355 2047 465 2106 mirum
487 2053 535 2106 est
557 2064 616 2124 quo
639 2046 782 2125 procedat
804 2045 916 2106 Graeca
938 2043 1113 2106 credulitas!
1133 2055 1168 2106 82

97 2134 212 2195 nullum
230 2144 291 2195 tam
310 2135 457 2213 inpudens
480 2135 668 2195 mendacium
687 2141 733 2194 est
755 2141 789 2211 ut
808 2141 885 2194 teste
905 2140 1012 2194 careat.
1042 2135 1114 2193 item

98 2225 231 2303 Scopas
269 2226 321 2302 qui
358 2222 576 2303 Olympionicas
613 2225 734 2301 scripsit
769 2231 871 2282 narrat
902 2221 1114 2282 Demaenetum

97 2311 288 2372 Parrhasium
310 2314 341 2372 in
365 2313 509 2373 sacriticio
533 2312 613 2390 quod
627 2311 756 2372 Arcades
774 2309 836 2370 lori
854 2309 967 2390 Lycaeo
987 2309 1115 2370 humana

54 2420 82 2461 25
98 2403 251 2462 etiamtum
273 2399 371 2462 hostia
393 2400 552 2482 faciebant,
575 2400 719 2460 immolati
741 2401 828 2479 pueri
851 2407 918 2460 exta
941 2399 1114 2478 degustasse

36 2487 42 2495 '
97 2498 129 2550 et
156 2492 186 2549 in
213 2489 318 2569 lupum
345 2507 377 2549 se
405 2493 602 2570 convertisse,
633 2490 761 2551 eundem
783 2503 808 2549 x
835 2506 912 2548 anne
940 2490 1114 2548 restitutum

92 2578 253 2642 ¹athleticae
276 2595 342 2639 esse
366 2581 449 2639 etin
471 2578 605 2658 pugilatu
627 2579 772 2640 victorem
795 2576 928 2657 Olympia
951 2594 1113 2638 reversum.

96 2670 171 2746 quin
194 2674 224 2727 et
247 2667 357 2728 caudae
380 2666 469 2727 huius
493 2667 627 2729 animalis
649 2667 784 2728 creditur
803 2666 891 2744 vulgo
908 2668 1013 2730 ¹inesse
1037 2682 1113 2724 ama·
1133 2677 1167 2726 83

96 2758 208 2818 terium
232 2758 313 2816 virum
337 2758 444 2834 exiguo
467 2758 499 2816 in
521 2755 589 2816 villo
614 2773 755 2836 eumque,
778 2773 848 2816 cum
870 2757 1013 2834 capiatur,
1038 2752 1115 2814 abici

171 2968 226 3017 1.2
245 2961 363 3016 iniciunt
381 2967 405 3014 d.
432 2962 553 3016 interfic-
572 2978 595 3015 r.
623 2960 775 3016 inferciunt
791 2959 879 3015 Solin.
898 2963 1001 3026 27,53.
1082 2964 1113 3013 11

97 3034 136 3088 sit
153 3051 177 3087 o.
206 3035 271 3087 sunt
288 3034 316 3088 ll.
347 3034 350 3101 l
380 3036 412 3087 ut
429 3033 459 3086 in
476 3033 519 3087 1²².
547 3034 579 3086 nt
596 3050 619 3087 r.
693 3038 725 3086 13
745 3049 784 3086 au
802 3029 900 3098 scribit
979 3028 1115 3084 tradere?

171 3110 204 3158 ts
227 3104 349 3174 reperire
373 3104 411 3157 αἱ.
501 3109 536 3158 20
559 3121 574 3158 e
597 3103 700 3158 fabulis
723 3119 778 3172 epo.
806 3102 899 3156 fabius
918 3103 978 3156 lto.
1005 3100 1114 3154 fabulo·

97 3175 155 3230 sius
171 3175 340 3230 Pollicear'us.
363 3175 499 3229 traditum
514 3175 571 3230 ort
586 3191 652 3230 ono.
662 3175 760 3243 philol.
774 3178 850 3228 1858
859 3190 890 3242 p.
901 3177 957 3228 338
971 3189 999 3226 n.
1017 3171 1116 3226 fabula

97 3245 158 3301 eius
173 3247 315 3315 (scriptum
328 3246 385 3300 feb.
400 3247 469 3315 eius)
484 3247 574 3301 Mart.
585 3246 679 3300 Hertz.
693 3247 726 3300 de
738 3245 800 3300 iot.
810 3243 889 3299 Rom.
903 3244 998 3312 reliqu.
1013 3247 1115 3312 quaest.

92 3335 125 3387 p.
134 3321 179 3373 14.
233 3323 276 3372 20.
287 3323 320 3371 21
340 3333 504 3387 recuperare
523 3316 567 3373 Bi.
590 3316 715 3386 recipere
732 3315 822 3369 ΒΝ.
878 3320 911 3368 22
932 3313 1021 3368 cariat
1038 3312 1114 3367 1¹2¹.

97 3389 140 3443 -ie
156 3394 186 3443 1).
212 3390 217 3456 l
240 3386 310 3443 item
328 3389 370 3442 1³¹²,
395 3391 446 3459 lysa
462 3393 494 3442 B.
521 3388 617 3456 itaque
638 3392 684 3442 do.
711 3387 753 3441 ita
770 3403 793 3440 r.
866 3391 900 3438 23
921 3383 1026 3453 Scopas
1044 3384 1114 3438 corii.

98 3460 199 3514 Ianus.
228 3470 313 3528 copes
332 3461 359 3514 ll.
432 3465 465 3513 27
490 3474 550 3514 esse
574 3462 604 3514 et
624 3465 682 3528 eqo!
708 3457 876 3512 restituisset
898 3457 925 3509 ll.
953 3457 1059 3524 (ectum
1081 3469 1116 3506 eac

97 3532 208 3601 dinem.
227 3531 358 3585 restituti
377 3531 470 3599 esset).
496 3530 632 3584 restitisse
651 3531 710 3584 edd.
728 3533 789 3583 cett.
820 3529 941 3582 certasse
960 3523 1037 3579 codd.
1057 3521 1115 3577 θεῖ.

102 3602 105 3672 Ι
125 3601 262 3656 victorem
280 3618 335 3672 epe.
362 3602 554 3670 uictoremque
572 3600 691 3656 uictoria
709 3601 737 3654 ll.
756 3599 815 3653 edd.
834 3601 895 3651 cett.
