<?xml version="1.0" encoding="UTF-8"?>
<!DOCTYPE html PUBLIC "-//W3C//DTD XHTML 1.0 Transitional//EN"
    "http://www.w3.org/TR/xhtml1/DTD/xhtml1-transitional.dtd">
<html xmlns="http://www.w3.org/1999/xhtml" xml:lang="en" lang="en">
 <head>
  <title>
</title>
<meta http-equiv="Content-Type" content="text/html;charset=utf-8" />
  <meta name='ocr-system' content='tesseract 3.04.00' />
  <meta name='ocr-capabilities' content='ocr_page ocr_carea ocr_par ocr_line ocrx_word'/>
</head>
<body>
  <div class='ocr_page' id='page_1' title='image "./cplinisecundina02mayhgoog_0273.png"; bbox 0 0 2636 3952; ppageno 0'>
   <div class='ocr_carea' id='block_1_1' title="bbox 181 138 852 206">
    <p class='ocr_par' dir='ltr' id='par_1_1' title="bbox 181 138 852 206">
     <span class='ocr_line' id='line_1_1' title="bbox 181 138 852 206; baseline -0.012 0"><span class='ocrx_word' id='word_1_1' title='bbox 181 139 246 206; x_wconf 78' lang='lat'><strong>228</strong></span> <span class='ocrx_word' id='word_1_2' title='bbox 528 140 557 196; x_wconf 85' lang='lat' dir='ltr'><strong>O.</strong></span> <span class='ocrx_word' id='word_1_3' title='bbox 576 139 676 195; x_wconf 86' lang='lat' dir='ltr'>PLINI</span> <span class='ocrx_word' id='word_1_4' title='bbox 695 138 852 198; x_wconf 78' lang='lat' dir='ltr'>SECUNDI</span> 
     </span>
    </p>
   </div>
   <div class='ocr_carea' id='block_1_2' title="bbox 93 289 1314 2858">
    <p class='ocr_par' dir='ltr' id='par_1_2' title="bbox 180 289 1196 548">
     <span class='ocr_line' id='line_1_2' title="bbox 181 289 1196 372; baseline 0.005 -21"><span class='ocrx_word' id='word_1_5' title='bbox 181 293 222 352; x_wconf 85' lang='lat' dir='ltr'><strong>ita</strong></span> <span class='ocrx_word' id='word_1_6' title='bbox 245 297 387 370; x_wconf 91' lang='lat' dir='ltr'><strong>corrupta</strong></span> <span class='ocrx_word' id='word_1_7' title='bbox 414 289 470 350; x_wconf 86' lang='lat' dir='ltr'><strong>alvi</strong></span> <span class='ocrx_word' id='word_1_8' title='bbox 497 296 603 350; x_wconf 88' lang='lat' dir='ltr'><strong>natura</strong></span> <span class='ocrx_word' id='word_1_9' title='bbox 623 296 709 360; x_wconf 63' lang='lat' dir='ltr'><strong>‚stato</strong></span> <span class='ocrx_word' id='word_1_10' title='bbox 741 297 890 372; x_wconf 89' lang='lat' dir='ltr'><strong>tempore,</strong></span> <span class='ocrx_word' id='word_1_11' title='bbox 923 299 958 352; x_wconf 90' lang='lat' dir='ltr'><strong>ut</strong></span> <span class='ocrx_word' id='word_1_12' title='bbox 990 292 1196 356; x_wconf 75' lang='lat' dir='ltr'>Democrito</span> 
     </span>
     <span class='ocr_line' id='line_1_3' title="bbox 180 377 1195 462; baseline 0.006 -23"><span class='ocrx_word' id='word_1_13' title='bbox 180 379 286 461; x_wconf 91' lang='lat' dir='ltr'><strong>placet,</strong></span> <span class='ocrx_word' id='word_1_14' title='bbox 309 380 369 440; x_wconf 92' lang='lat' dir='ltr'><strong>sive</strong></span> <span class='ocrx_word' id='word_1_15' title='bbox 394 385 440 438; x_wconf 91' lang='lat' dir='ltr'><strong>est</strong></span> <span class='ocrx_word' id='word_1_16' title='bbox 458 377 603 457; x_wconf 82' lang='lat' dir='ltr'><strong>quaedam</strong></span> <span class='ocrx_word' id='word_1_17' title='bbox 625 380 707 439; x_wconf 88' lang='lat' dir='ltr'><strong>intus</strong></span> <span class='ocrx_word' id='word_1_18' title='bbox 729 378 860 458; x_wconf 87' lang='lat' dir='ltr'><strong>lanigera</strong></span> <span class='ocrx_word' id='word_1_19' title='bbox 882 379 1029 462; x_wconf 75' lang='lat' dir='ltr'><strong>fertilitas,</strong></span> <span class='ocrx_word' id='word_1_20' title='bbox 1052 390 1112 443; x_wconf 89' lang='lat' dir='ltr'><strong>tam</strong></span> <span class='ocrx_word' id='word_1_21' title='bbox 1135 402 1195 445; x_wconf 86' lang='lat' dir='ltr'><strong>mo·</strong></span> 
     </span>
     <span class='ocr_line' id='line_1_4' title="bbox 181 467 1195 548; baseline 0.006 -20"><span class='ocrx_word' id='word_1_22' title='bbox 181 467 283 528; x_wconf 90' lang='lat' dir='ltr'><strong>derato</strong></span> <span class='ocrx_word' id='word_1_23' title='bbox 306 486 420 548; x_wconf 90' lang='lat' dir='ltr'><strong>ungue,</strong></span> <span class='ocrx_word' id='word_1_24' title='bbox 449 475 510 528; x_wconf 89' lang='lat' dir='ltr'><strong>tam</strong></span> <span class='ocrx_word' id='word_1_25' title='bbox 533 469 622 529; x_wconf 88' lang='lat' dir='ltr'><strong>tereti</strong></span> <span class='ocrx_word' id='word_1_26' title='bbox 649 467 698 528; x_wconf 91' lang='lat' dir='ltr'><strong>filo</strong></span> <span class='ocrx_word' id='word_1_27' title='bbox 722 474 835 528; x_wconf 87' lang='lat' dir='ltr'><strong>ettam</strong></span> <span class='ocrx_word' id='word_1_28' title='bbox 858 469 973 548; x_wconf 89' lang='lat' dir='ltr'><strong>aequali</strong></span> <span class='ocrx_word' id='word_1_29' title='bbox 996 471 1117 533; x_wconf 78' lang='lat' dir='ltr'>deducit</span> <span class='ocrx_word' id='word_1_30' title='bbox 1139 480 1195 534; x_wconf 85' lang='lat' dir='ltr'><strong>sta·</strong></span> 
     </span>
    </p>

    <p class='ocr_par' dir='ltr' id='par_1_3' title="bbox 128 556 1221 817">
     <span class='ocr_line' id='line_1_5' title="bbox 128 556 1194 640; baseline 0.009 -28"><span class='ocrx_word' id='word_1_31' title='bbox 128 565 161 615; x_wconf 84' lang='lat'><strong>81</strong></span> <span class='ocrx_word' id='word_1_32' title='bbox 181 559 270 638; x_wconf 91' lang='lat' dir='ltr'><strong>mina,</strong></span> <span class='ocrx_word' id='word_1_33' title='bbox 292 558 358 637; x_wconf 90' lang='lat' dir='ltr'><strong>ipso</strong></span> <span class='ocrx_word' id='word_1_34' title='bbox 382 574 414 616; x_wconf 90' lang='lat' dir='ltr'><strong>se</strong></span> <span class='ocrx_word' id='word_1_35' title='bbox 436 556 570 636; x_wconf 90' lang='lat' dir='ltr'><strong>pondere</strong></span> <span class='ocrx_word' id='word_1_36' title='bbox 593 574 675 617; x_wconf 92' lang='lat' dir='ltr'><strong>usus.</strong></span> <span class='ocrx_word' id='word_1_37' title='bbox 721 563 823 617; x_wconf 87' lang='lat' dir='ltr'><strong>texere</strong></span> <span class='ocrx_word' id='word_1_38' title='bbox 847 575 863 618; x_wconf 90' lang='lat' dir='ltr'><strong>a</strong></span> <span class='ocrx_word' id='word_1_39' title='bbox 886 557 984 619; x_wconf 90' lang='lat' dir='ltr'><strong>medio</strong></span> <span class='ocrx_word' id='word_1_40' title='bbox 1011 561 1117 640; x_wconf 78' lang='lat' dir='ltr'><strong>incipit</strong></span> <span class='ocrx_word' id='word_1_41' title='bbox 1139 563 1194 622; x_wconf 88' lang='lat' dir='ltr'><strong>cir-</strong></span> 
     </span>
     <span class='ocr_line' id='line_1_6' title="bbox 181 644 1221 729; baseline 0.004 -23"><span class='ocrx_word' id='word_1_42' title='bbox 181 648 279 707; x_wconf 89' lang='lat' dir='ltr'><strong>cinato</strong></span> <span class='ocrx_word' id='word_1_43' title='bbox 316 644 389 706; x_wconf 91' lang='lat' dir='ltr'><strong>orbe</strong></span> <span class='ocrx_word' id='word_1_44' title='bbox 417 644 595 706; x_wconf 85' lang='lat' dir='ltr'><strong>-subtemina</strong></span> <span class='ocrx_word' id='word_1_45' title='bbox 633 644 808 726; x_wconf 82' lang='lat' dir='ltr'><strong>adnectens,</strong></span> <span class='ocrx_word' id='word_1_46' title='bbox 848 647 1038 727; x_wconf 86' lang='lat' dir='ltr'><strong>maculasque</strong></span> <span class='ocrx_word' id='word_1_47' title='bbox 1075 649 1221 729; x_wconf 82' lang='lat' dir='ltr'><strong>paribus⁵</strong></span> 
     </span>
     <span class='ocr_line' id='line_1_7' title="bbox 181 733 1194 817; baseline 0.002 -21"><span class='ocrx_word' id='word_1_48' title='bbox 181 753 299 815; x_wconf 81' lang='lat' dir='ltr'><strong>semper</strong></span> <span class='ocrx_word' id='word_1_49' title='bbox 324 733 501 814; x_wconf 86' lang='lat' dir='ltr'><strong>intervallis,</strong></span> <span class='ocrx_word' id='word_1_50' title='bbox 531 733 584 794; x_wconf 91' lang='lat' dir='ltr'><strong>sed</strong></span> <span class='ocrx_word' id='word_1_51' title='bbox 607 733 734 794; x_wconf 81' lang='lat' dir='ltr'><strong>subinde</strong></span> <span class='ocrx_word' id='word_1_52' title='bbox 764 735 970 798; x_wconf 90' lang='lat' dir='ltr'><strong>crescentibus</strong></span> <span class='ocrx_word' id='word_1_53' title='bbox 1002 755 1038 797; x_wconf 85' lang='lat' dir='ltr'><strong>ex</strong></span> <span class='ocrx_word' id='word_1_54' title='bbox 1071 745 1194 817; x_wconf 87' lang='lat' dir='ltr'><strong>angusto</strong></span> 
     </span>
    </p>

    <p class='ocr_par' dir='ltr' id='par_1_4' title="bbox 131 811 1314 1171">
     <span class='ocr_line' id='line_1_8' title="bbox 131 811 1194 910; baseline 0.003 -26"><span class='ocrx_word' id='word_1_55' title='bbox 131 904 134 910; x_wconf 24' lang='grc'>1</span> <span class='ocrx_word' id='word_1_56' title='bbox 180 823 305 884; x_wconf 88' lang='lat' dir='ltr'><strong>dilatans</strong></span> <span class='ocrx_word' id='word_1_57' title='bbox 328 822 527 905; x_wconf 89' lang='lat' dir='ltr'><strong>indissolubili</strong></span> <span class='ocrx_word' id='word_1_58' title='bbox 549 822 628 884; x_wconf 91' lang='lat' dir='ltr'><strong>nodo</strong></span> <span class='ocrx_word' id='word_1_59' title='bbox 650 822 781 902; x_wconf 82' lang='lat' dir='ltr'><strong>inplicat.</strong></span> <span class='ocrx_word' id='word_1_60' title='bbox 806 811 938 904; x_wconf 89' lang='lat' dir='ltr'><strong>&#39;quanta</strong></span> <span class='ocrx_word' id='word_1_61' title='bbox 960 833 1024 886; x_wconf 87' lang='lat' dir='ltr'><strong>arte</strong></span> <span class='ocrx_word' id='word_1_62' title='bbox 1046 826 1124 887; x_wconf 87' lang='lat' dir='ltr'><strong>celat</strong></span> <span class='ocrx_word' id='word_1_63' title='bbox 1145 845 1194 906; x_wconf 93' lang='lat' dir='ltr'><strong>pe·</strong></span> 
     </span>
     <span class='ocr_line' id='line_1_9' title="bbox 180 911 1193 991; baseline 0.003 -19"><span class='ocrx_word' id='word_1_64' title='bbox 180 912 260 973; x_wconf 89' lang='lat' dir='ltr'><strong>dieas</strong></span> <span class='ocrx_word' id='word_1_65' title='bbox 284 931 300 972; x_wconf 90' lang='lat' dir='ltr'><strong>a</strong></span> <span class='ocrx_word' id='word_1_66' title='bbox 323 912 471 974; x_wconf 89' lang='lat' dir='ltr'><strong>scutulato</strong></span> <span class='ocrx_word' id='word_1_67' title='bbox 495 919 559 972; x_wconf 88' lang='lat' dir='ltr'><strong>rete</strong></span> <span class='ocrx_word' id='word_1_68' title='bbox 587 911 769 991; x_wconf 81' lang='lat' dir='ltr'><strong>grassantes!</strong></span> <span class='ocrx_word' id='word_1_69' title='bbox 807 931 895 991; x_wconf 89' lang='lat' dir='ltr'><strong>quam</strong></span> <span class='ocrx_word' id='word_1_70' title='bbox 923 914 1048 975; x_wconf 83' lang='lat' dir='ltr'><strong>ncuad</strong></span> <span class='ocrx_word' id='word_1_71' title='bbox 1075 915 1132 975; x_wconf 92' lang='lat' dir='ltr'><strong>hoc</strong></span> <span class='ocrx_word' id='word_1_72' title='bbox 1154 918 1193 976; x_wconf 93' lang='lat' dir='ltr'><strong>vi-</strong></span> 
     </span>
     <span class='ocr_line' id='line_1_10' title="bbox 180 999 1314 1083; baseline 0.004 -22"><span class='ocrx_word' id='word_1_73' title='bbox 180 1002 269 1062; x_wconf 91' lang='lat' dir='ltr'><strong>detur</strong></span> <span class='ocrx_word' id='word_1_74' title='bbox 282 1004 434 1081; x_wconf 90' lang='lat' dir='ltr'><strong>pertinere</strong></span> <span class='ocrx_word' id='word_1_75' title='bbox 454 999 608 1062; x_wconf 86' lang='lat' dir='ltr'><strong>crebratae</strong></span> <span class='ocrx_word' id='word_1_76' title='bbox 626 1003 741 1080; x_wconf 86' lang='lat' dir='ltr'><strong>pexitas</strong></span> <span class='ocrx_word' id='word_1_77' title='bbox 760 1001 836 1063; x_wconf 91' lang='lat' dir='ltr'><strong>telae</strong></span> <span class='ocrx_word' id='word_1_78' title='bbox 855 1009 886 1062; x_wconf 92' lang='lat' dir='ltr'><strong>et</strong></span> <span class='ocrx_word' id='word_1_79' title='bbox 904 1003 1030 1082; x_wconf 87' lang='lat' dir='ltr'><strong>quadam</strong></span> <span class='ocrx_word' id='word_1_80' title='bbox 1049 1003 1195 1083; x_wconf 88' lang='lat' dir='ltr'><strong>politurae</strong></span> <span class='ocrx_word' id='word_1_81' title='bbox 1313 1037 1314 1078; x_wconf 49' lang='lat' dir='ltr'><strong>p</strong></span> 
     </span>
     <span class='ocr_line' id='line_1_11' title="bbox 180 1089 1235 1171; baseline 0.007 -23"><span class='ocrx_word' id='word_1_82' title='bbox 180 1098 244 1150; x_wconf 90' lang='lat' dir='ltr'><strong>arte</strong></span> <span class='ocrx_word' id='word_1_83' title='bbox 267 1092 331 1170; x_wconf 91' lang='lat' dir='ltr'><strong>ipsa</strong></span> <span class='ocrx_word' id='word_1_84' title='bbox 353 1108 409 1171; x_wconf 93' lang='lat' dir='ltr'><strong>per</strong></span> <span class='ocrx_word' id='word_1_85' title='bbox 432 1108 464 1151; x_wconf 92' lang='lat' dir='ltr'><strong>se</strong></span> <span class='ocrx_word' id='word_1_86' title='bbox 487 1097 576 1150; x_wconf 83' lang='lat' dir='ltr'><strong>tenax</strong></span> <span class='ocrx_word' id='word_1_87' title='bbox 595 1091 671 1150; x_wconf 88' lang='lat' dir='ltr'><strong>ratio</strong></span> <span class='ocrx_word' id='word_1_88' title='bbox 691 1089 816 1151; x_wconf 81' lang='lat' dir='ltr'><strong>tramae!</strong></span> <span class='ocrx_word' id='word_1_89' title='bbox 840 1109 929 1170; x_wconf 89' lang='lat' dir='ltr'><strong>quam</strong></span> <span class='ocrx_word' id='word_1_90' title='bbox 947 1091 1035 1153; x_wconf 86' lang='lat' dir='ltr'><strong>loxus</strong></span> <span class='ocrx_word' id='word_1_91' title='bbox 1053 1092 1089 1153; x_wconf 89' lang='lat' dir='ltr'><strong>ad</strong></span> <span class='ocrx_word' id='word_1_92' title='bbox 1108 1093 1194 1155; x_wconf 89' lang='lat' dir='ltr'><strong>ssatus</strong></span> <span class='ocrx_word' id='word_1_93' title='bbox 1209 1107 1235 1146; x_wconf 86' lang='lat'><strong>1⁰</strong></span> 
     </span>
    </p>

    <p class='ocr_par' dir='ltr' id='par_1_5' title="bbox 125 1178 1314 1347">
     <span class='ocr_line' id='line_1_12' title="bbox 125 1178 1194 1258; baseline 0.01 -26"><span class='ocrx_word' id='word_1_94' title='bbox 125 1184 159 1233; x_wconf 77' lang='lat'><strong>82</strong></span> <span class='ocrx_word' id='word_1_95' title='bbox 179 1197 213 1238; x_wconf 87' lang='lat' dir='ltr'><strong>ac</strong></span> <span class='ocrx_word' id='word_1_96' title='bbox 242 1197 303 1239; x_wconf 90' lang='lat' dir='ltr'><strong>non</strong></span> <span class='ocrx_word' id='word_1_97' title='bbox 337 1179 505 1258; x_wconf 90' lang='lat' dir='ltr'><strong>respuenda</strong></span> <span class='ocrx_word' id='word_1_98' title='bbox 539 1196 615 1258; x_wconf 90' lang='lat' dir='ltr'><strong>quae</strong></span> <span class='ocrx_word' id='word_1_99' title='bbox 649 1181 769 1240; x_wconf 86' lang='lat' dir='ltr'><strong>veniant</strong></span> <span class='ocrx_word' id='word_1_100' title='bbox 803 1178 902 1242; x_wconf 79' lang='lat' dir='ltr'><strong>sinus!</strong></span> <span class='ocrx_word' id='word_1_101' title='bbox 943 1181 1085 1242; x_wconf 91' lang='lat' dir='ltr'><strong>derelicta</strong></span> <span class='ocrx_word' id='word_1_102' title='bbox 1117 1181 1194 1245; x_wconf 87' lang='lat' dir='ltr'><strong>lasso</strong></span> 
     </span>
     <span class='ocr_line' id='line_1_13' title="bbox 178 1266 1314 1347; baseline 0.005 -19"><span class='ocrx_word' id='word_1_103' title='bbox 178 1268 334 1346; x_wconf 90' lang='lat' dir='ltr'><strong>praetendi</strong></span> <span class='ocrx_word' id='word_1_104' title='bbox 367 1285 482 1328; x_wconf 88' lang='lat' dir='ltr'><strong>summa</strong></span> <span class='ocrx_word' id='word_1_105' title='bbox 514 1275 598 1347; x_wconf 85' lang='lat' dir='ltr'><strong>parte</strong></span> <span class='ocrx_word' id='word_1_106' title='bbox 631 1266 777 1328; x_wconf 85' lang='lat' dir='ltr'><strong>arbitrere</strong></span> <span class='ocrx_word' id='word_1_107' title='bbox 809 1267 886 1329; x_wconf 84' lang='lat' dir='ltr'><strong>licia.</strong></span> <span class='ocrx_word' id='word_1_108' title='bbox 937 1277 968 1330; x_wconf 92' lang='lat' dir='ltr'><strong>at</strong></span> <span class='ocrx_word' id='word_1_109' title='bbox 996 1269 1046 1330; x_wconf 91' lang='lat' dir='ltr'><strong>illa</strong></span> <span class='ocrx_word' id='word_1_110' title='bbox 1075 1270 1195 1339; x_wconf 81' lang='lat' dir='ltr'><strong>dililoile</strong></span> <span class='ocrx_word' id='word_1_111' title='bbox 1313 1273 1314 1334; x_wconf 67' lang='lat'>3</span> 
     </span>
    </p>

    <p class='ocr_par' dir='ltr' id='par_1_6' title="bbox 93 1349 1314 1794">
     <span class='ocr_line' id='line_1_14' title="bbox 93 1349 1314 1439; baseline 0.005 -23"><span class='ocrx_word' id='word_1_112' title='bbox 93 1385 99 1390; x_wconf 80' lang='lat'>-</span> <span class='ocrx_word' id='word_1_113' title='bbox 178 1364 344 1418; x_wconf 89' lang='lat' dir='ltr'><strong>cernuntur</strong></span> <span class='ocrx_word' id='word_1_114' title='bbox 367 1363 455 1436; x_wconf 92' lang='lat' dir='ltr'><strong>atque</strong></span> <span class='ocrx_word' id='word_1_115' title='bbox 479 1363 513 1416; x_wconf 91' lang='lat' dir='ltr'><strong>nt</strong></span> <span class='ocrx_word' id='word_1_116' title='bbox 540 1359 571 1417; x_wconf 92' lang='lat' dir='ltr'><strong>in</strong></span> <span class='ocrx_word' id='word_1_117' title='bbox 599 1355 692 1436; x_wconf 85' lang='lat' dir='ltr'><strong>plagis</strong></span> <span class='ocrx_word' id='word_1_118' title='bbox 719 1356 814 1417; x_wconf 90' lang='lat' dir='ltr'><strong>lineae</strong></span> <span class='ocrx_word' id='word_1_119' title='bbox 843 1351 973 1418; x_wconf 82' lang='lat' dir='ltr'><strong>offensae</strong></span> <span class='ocrx_word' id='word_1_120' title='bbox 1000 1361 1196 1439; x_wconf 86' lang='lat' dir='ltr'><strong>praecipitant</strong></span> <span class='ocrx_word' id='word_1_121' title='bbox 1313 1349 1314 1356; x_wconf 9' lang='grc' dir='ltr'>ἵ</span> 
     </span>
     <span class='ocr_line' id='line_1_15' title="bbox 178 1447 1195 1530; baseline 0.005 -25"><span class='ocrx_word' id='word_1_122' title='bbox 178 1447 209 1505; x_wconf 95' lang='lat' dir='ltr'><strong>in</strong></span> <span class='ocrx_word' id='word_1_123' title='bbox 233 1448 340 1506; x_wconf 87' lang='lat' dir='ltr'><strong>sinum.</strong></span> <span class='ocrx_word' id='word_1_124' title='bbox 378 1463 486 1530; x_wconf 90' lang='lat' dir='ltr'><strong>specus</strong></span> <span class='ocrx_word' id='word_1_125' title='bbox 509 1447 574 1524; x_wconf 91' lang='lat' dir='ltr'><strong>ipse</strong></span> <span class='ocrx_word' id='word_1_126' title='bbox 598 1463 657 1524; x_wconf 89' lang='lat' dir='ltr'><strong>qua</strong></span> <span class='ocrx_word' id='word_1_127' title='bbox 680 1454 906 1507; x_wconf 86' lang='lat' dir='ltr'><strong>concamaratur</strong></span> <span class='ocrx_word' id='word_1_128' title='bbox 929 1447 1141 1509; x_wconf 84' lang='lat' dir='ltr'><strong>architectura!</strong></span> <span class='ocrx_word' id='word_1_129' title='bbox 1166 1456 1195 1510; x_wconf 92' lang='lat' dir='ltr'><strong>et</strong></span> 
     </span>
     <span class='ocr_line' id='line_1_16' title="bbox 179 1532 1314 1613; baseline -0.001 -18"><span class='ocrx_word' id='word_1_130' title='bbox 179 1541 283 1595; x_wconf 91' lang='lat' dir='ltr'><strong>contra</strong></span> <span class='ocrx_word' id='word_1_131' title='bbox 311 1534 422 1613; x_wconf 82' lang='lat' dir='ltr'><strong>frigora</strong></span> <span class='ocrx_word' id='word_1_132' title='bbox 445 1541 563 1612; x_wconf 90' lang='lat' dir='ltr'><strong>quanto</strong></span> <span class='ocrx_word' id='word_1_133' title='bbox 592 1532 736 1596; x_wconf 82' lang='lat' dir='ltr'><strong>villosior!</strong></span> <span class='ocrx_word' id='word_1_134' title='bbox 770 1552 859 1613; x_wconf 90' lang='lat' dir='ltr'><strong>quam</strong></span> <span class='ocrx_word' id='word_1_135' title='bbox 885 1543 1020 1597; x_wconf 90' lang='lat' dir='ltr'><strong>remotus</strong></span> <span class='ocrx_word' id='word_1_136' title='bbox 1048 1555 1065 1596; x_wconf 89' lang='lat' dir='ltr'><strong>a</strong></span> <span class='ocrx_word' id='word_1_137' title='bbox 1096 1536 1194 1597; x_wconf 89' lang='lat' dir='ltr'><strong>medic</strong></span> <span class='ocrx_word' id='word_1_138' title='bbox 1209 1549 1236 1588; x_wconf 81' lang='lat'><strong>15</strong></span> <span class='ocrx_word' id='word_1_139' title='bbox 1313 1551 1314 1594; x_wconf 64' lang='lat' dir='ltr'><strong>t</strong></span> 
     </span>
     <span class='ocr_line' id='line_1_17' title="bbox 178 1617 1314 1704; baseline 0.002 -22"><span class='ocrx_word' id='word_1_140' title='bbox 178 1621 317 1701; x_wconf 84' lang='lat' dir='ltr'><strong>aliudque</strong></span> <span class='ocrx_word' id='word_1_141' title='bbox 347 1625 446 1702; x_wconf 88' lang='lat' dir='ltr'><strong>agenti</strong></span> <span class='ocrx_word' id='word_1_142' title='bbox 477 1622 595 1704; x_wconf 90' lang='lat' dir='ltr'><strong>similis,</strong></span> <span class='ocrx_word' id='word_1_143' title='bbox 627 1622 762 1684; x_wconf 87' lang='lat' dir='ltr'><strong>inclusus</strong></span> <span class='ocrx_word' id='word_1_144' title='bbox 792 1641 864 1684; x_wconf 87' lang='lat' dir='ltr'><strong>vero</strong></span> <span class='ocrx_word' id='word_1_145' title='bbox 894 1625 938 1684; x_wconf 91' lang='lat' dir='ltr'><strong>sic</strong></span> <span class='ocrx_word' id='word_1_146' title='bbox 967 1631 1002 1685; x_wconf 91' lang='lat' dir='ltr'><strong>ut</strong></span> <span class='ocrx_word' id='word_1_147' title='bbox 1030 1626 1070 1685; x_wconf 91' lang='lat' dir='ltr'><strong>sit</strong></span> <span class='ocrx_word' id='word_1_148' title='bbox 1099 1643 1192 1686; x_wconf 83' lang='lat' dir='ltr'><strong>necne</strong></span> <span class='ocrx_word' id='word_1_149' title='bbox 1313 1617 1314 1622; x_wconf 66' lang='grc'>’</span> 
     </span>
     <span class='ocr_line' id='line_1_18' title="bbox 178 1709 1190 1794; baseline 0.004 -24"><span class='ocrx_word' id='word_1_150' title='bbox 178 1713 260 1772; x_wconf 88' lang='lat' dir='ltr'><strong>intus</strong></span> <span class='ocrx_word' id='word_1_151' title='bbox 283 1709 389 1790; x_wconf 88' lang='lat' dir='ltr'><strong>aliquis</strong></span> <span class='ocrx_word' id='word_1_152' title='bbox 413 1713 496 1772; x_wconf 93' lang='lat' dir='ltr'><strong>cerni</strong></span> <span class='ocrx_word' id='word_1_153' title='bbox 519 1729 580 1772; x_wconf 89' lang='lat' dir='ltr'><strong>non</strong></span> <span class='ocrx_word' id='word_1_154' title='bbox 602 1711 709 1790; x_wconf 84' lang='lat' dir='ltr'><strong>possit!</strong></span> <span class='ocrx_word' id='word_1_155' title='bbox 733 1730 787 1792; x_wconf 88' lang='lat' dir='ltr'><strong>age</strong></span> <span class='ocrx_word' id='word_1_156' title='bbox 810 1713 948 1794; x_wconf 89' lang='lat' dir='ltr'><strong>firmitas,</strong></span> <span class='ocrx_word' id='word_1_157' title='bbox 972 1713 1090 1792; x_wconf 89' lang='lat' dir='ltr'><strong>quando</strong></span> <span class='ocrx_word' id='word_1_158' title='bbox 1113 1731 1190 1774; x_wconf 86' lang='lat' dir='ltr'><strong>rum·</strong></span> 
     </span>
    </p>

    <p class='ocr_par' dir='ltr' id='par_1_7' title="bbox 125 1799 1238 2416">
     <span class='ocr_line' id='line_1_19' title="bbox 125 1799 1192 1882; baseline 0.007 -28"><span class='ocrx_word' id='word_1_159' title='bbox 125 1805 159 1855; x_wconf 82' lang='lat'><strong>83</strong></span> <span class='ocrx_word' id='word_1_160' title='bbox 178 1799 319 1880; x_wconf 85' lang='lat' dir='ltr'><strong>pentibus</strong></span> <span class='ocrx_word' id='word_1_161' title='bbox 342 1800 451 1861; x_wconf 84' lang='lat' dir='ltr'><strong>ventis!</strong></span> <span class='ocrx_word' id='word_1_162' title='bbox 485 1818 543 1879; x_wconf 92' lang='lat' dir='ltr'><strong>qua</strong></span> <span class='ocrx_word' id='word_1_163' title='bbox 565 1799 723 1879; x_wconf 90' lang='lat' dir='ltr'><strong>pulverum</strong></span> <span class='ocrx_word' id='word_1_164' title='bbox 745 1800 823 1862; x_wconf 90' lang='lat' dir='ltr'><strong>mole</strong></span> <span class='ocrx_word' id='word_1_165' title='bbox 846 1799 1037 1882; x_wconf 82' lang='lat' dir='ltr'><strong>degravantel</strong></span> <span class='ocrx_word' id='word_1_166' title='bbox 1070 1801 1192 1862; x_wconf 91' lang='lat' dir='ltr'><strong>latitudo</strong></span> 
     </span>
     <span class='ocr_line' id='line_1_20' title="bbox 178 1888 1193 1972; baseline 0.003 -24"><span class='ocrx_word' id='word_1_167' title='bbox 178 1888 253 1950; x_wconf 89' lang='lat' dir='ltr'><strong>telae</strong></span> <span class='ocrx_word' id='word_1_168' title='bbox 284 1907 372 1970; x_wconf 91' lang='lat' dir='ltr'><strong>saepe</strong></span> <span class='ocrx_word' id='word_1_169' title='bbox 402 1891 482 1950; x_wconf 86' lang='lat' dir='ltr'><strong>inter</strong></span> <span class='ocrx_word' id='word_1_170' title='bbox 512 1889 586 1949; x_wconf 90' lang='lat' dir='ltr'><strong>duas</strong></span> <span class='ocrx_word' id='word_1_171' title='bbox 616 1888 752 1972; x_wconf 91' lang='lat' dir='ltr'><strong>arbores,</strong></span> <span class='ocrx_word' id='word_1_172' title='bbox 784 1908 853 1951; x_wconf 88' lang='lat' dir='ltr'><strong>cum</strong></span> <span class='ocrx_word' id='word_1_173' title='bbox 886 1897 1007 1951; x_wconf 86' lang='lat' dir='ltr'><strong>exercet</strong></span> <span class='ocrx_word' id='word_1_174' title='bbox 1038 1898 1131 1951; x_wconf 90' lang='lat' dir='ltr'><strong>artem</strong></span> <span class='ocrx_word' id='word_1_175' title='bbox 1162 1896 1193 1950; x_wconf 89' lang='lat' dir='ltr'><strong>et</strong></span> 
     </span>
     <span class='ocr_line' id='line_1_21' title="bbox 178 1977 1238 2061; baseline 0.001 -22"><span class='ocrx_word' id='word_1_176' title='bbox 178 1977 268 2039; x_wconf 85' lang='lat' dir='ltr'><strong>discit</strong></span> <span class='ocrx_word' id='word_1_177' title='bbox 290 1985 406 2059; x_wconf 90' lang='lat' dir='ltr'><strong>texere,</strong></span> <span class='ocrx_word' id='word_1_178' title='bbox 433 1977 588 2058; x_wconf 91' lang='lat' dir='ltr'><strong>longitudo</strong></span> <span class='ocrx_word' id='word_1_179' title='bbox 611 1978 653 2038; x_wconf 89' lang='lat' dir='ltr'><strong>iili</strong></span> <span class='ocrx_word' id='word_1_180' title='bbox 676 1997 693 2038; x_wconf 89' lang='lat' dir='ltr'><strong>a</strong></span> <span class='ocrx_word' id='word_1_181' title='bbox 716 1981 846 2040; x_wconf 86' lang='lat' dir='ltr'><strong>culmine</strong></span> <span class='ocrx_word' id='word_1_182' title='bbox 873 1997 908 2040; x_wconf 89' lang='lat' dir='ltr'><strong>ac</strong></span> <span class='ocrx_word' id='word_1_183' title='bbox 935 1997 1042 2040; x_wconf 89' lang='lat' dir='ltr'><strong>rursus</strong></span> <span class='ocrx_word' id='word_1_184' title='bbox 1065 1997 1082 2040; x_wconf 90' lang='lat' dir='ltr'><strong>a</strong></span> <span class='ocrx_word' id='word_1_185' title='bbox 1104 1986 1193 2061; x_wconf 85' lang='lat' dir='ltr'><strong>terra,</strong></span> <span class='ocrx_word' id='word_1_186' title='bbox 1207 1991 1238 2031; x_wconf 73' lang='lat'><strong>20</strong></span> 
     </span>
     <span class='ocr_line' id='line_1_22' title="bbox 177 2066 1194 2149; baseline 0.002 -23"><span class='ocrx_word' id='word_1_187' title='bbox 177 2085 232 2146; x_wconf 87' lang='lat' dir='ltr'><strong>per</strong></span> <span class='ocrx_word' id='word_1_188' title='bbox 261 2067 335 2129; x_wconf 91' lang='lat' dir='ltr'><strong>illud</strong></span> <span class='ocrx_word' id='word_1_189' title='bbox 364 2069 464 2147; x_wconf 92' lang='lat' dir='ltr'><strong>ipsum</strong></span> <span class='ocrx_word' id='word_1_190' title='bbox 493 2066 578 2127; x_wconf 90' lang='lat' dir='ltr'><strong>velox</strong></span> <span class='ocrx_word' id='word_1_191' title='bbox 607 2069 817 2149; x_wconf 85' lang='lat' dir='ltr'><strong>reciprocatio,</strong></span> <span class='ocrx_word' id='word_1_192' title='bbox 848 2067 1005 2146; x_wconf 76' lang='lat' dir='ltr'><strong>subitque·</strong></span> <span class='ocrx_word' id='word_1_193' title='bbox 1017 2070 1129 2147; x_wconf 89' lang='lat' dir='ltr'><strong>pariter</strong></span> <span class='ocrx_word' id='word_1_194' title='bbox 1159 2086 1194 2128; x_wconf 88' lang='lat' dir='ltr'><strong>ac</strong></span> 
     </span>
     <span class='ocr_line' id='line_1_23' title="bbox 178 2155 1195 2244; baseline 0.001 -29"><span class='ocrx_word' id='word_1_195' title='bbox 178 2155 226 2216; x_wconf 84' lang='lat' dir='ltr'><strong>fila</strong></span> <span class='ocrx_word' id='word_1_196' title='bbox 249 2156 378 2217; x_wconf 89' lang='lat' dir='ltr'><strong>deducit.</strong></span> <span class='ocrx_word' id='word_1_197' title='bbox 424 2174 493 2244; x_wconf 78' lang='lat' dir='ltr'><strong>eum</strong></span> <span class='ocrx_word' id='word_1_198' title='bbox 515 2174 587 2216; x_wconf 89' lang='lat' dir='ltr'><strong>vero</strong></span> <span class='ocrx_word' id='word_1_199' title='bbox 610 2163 734 2236; x_wconf 88' lang='lat' dir='ltr'><strong>captura</strong></span> <span class='ocrx_word' id='word_1_200' title='bbox 760 2156 877 2238; x_wconf 88' lang='lat' dir='ltr'><strong>incidit,</strong></span> <span class='ocrx_word' id='word_1_201' title='bbox 906 2175 995 2236; x_wconf 90' lang='lat' dir='ltr'><strong>quam</strong></span> <span class='ocrx_word' id='word_1_202' title='bbox 1017 2156 1139 2236; x_wconf 89' lang='lat' dir='ltr'><strong>vigilans</strong></span> <span class='ocrx_word' id='word_1_203' title='bbox 1163 2163 1195 2216; x_wconf 91' lang='lat' dir='ltr'><strong>et</strong></span> 
     </span>
     <span class='ocr_line' id='line_1_24' title="bbox 178 2244 1194 2326; baseline -0.002 -20"><span class='ocrx_word' id='word_1_204' title='bbox 178 2252 299 2324; x_wconf 89' lang='lat' dir='ltr'><strong>paratus</strong></span> <span class='ocrx_word' id='word_1_205' title='bbox 322 2244 477 2306; x_wconf 87' lang='lat' dir='ltr'><strong>accursus!</strong></span> <span class='ocrx_word' id='word_1_206' title='bbox 509 2245 580 2306; x_wconf 89' lang='lat' dir='ltr'><strong>licet</strong></span> <span class='ocrx_word' id='word_1_207' title='bbox 602 2253 734 2306; x_wconf 90' lang='lat' dir='ltr'><strong>extrema</strong></span> <span class='ocrx_word' id='word_1_208' title='bbox 756 2245 878 2306; x_wconf 85' lang='lat' dir='ltr'><strong>haereat</strong></span> <span class='ocrx_word' id='word_1_209' title='bbox 900 2245 997 2326; x_wconf 81' lang='lat' dir='ltr'><strong>plaga,</strong></span> <span class='ocrx_word' id='word_1_210' title='bbox 1021 2262 1139 2326; x_wconf 87' lang='lat' dir='ltr'><strong>semper</strong></span> <span class='ocrx_word' id='word_1_211' title='bbox 1161 2247 1194 2305; x_wconf 92' lang='lat' dir='ltr'><strong>in</strong></span> 
     </span>
     <span class='ocr_line' id='line_1_25' title="bbox 178 2333 1193 2416; baseline -0.001 -22"><span class='ocrx_word' id='word_1_212' title='bbox 178 2334 310 2395; x_wconf 90' lang='lat' dir='ltr'><strong>medium</strong></span> <span class='ocrx_word' id='word_1_213' title='bbox 339 2335 446 2416; x_wconf 91' lang='lat' dir='ltr'><strong>currit,</strong></span> <span class='ocrx_word' id='word_1_214' title='bbox 477 2335 546 2414; x_wconf 89' lang='lat' dir='ltr'><strong>quia</strong></span> <span class='ocrx_word' id='word_1_215' title='bbox 574 2336 617 2394; x_wconf 90' lang='lat' dir='ltr'><strong>sic</strong></span> <span class='ocrx_word' id='word_1_216' title='bbox 644 2337 770 2394; x_wconf 87' lang='lat' dir='ltr'><strong>maxime</strong></span> <span class='ocrx_word' id='word_1_217' title='bbox 797 2341 895 2395; x_wconf 88' lang='lat' dir='ltr'><strong>totum</strong></span> <span class='ocrx_word' id='word_1_218' title='bbox 922 2333 1122 2395; x_wconf 85' lang='lat' dir='ltr'><strong>concutiendo</strong></span> <span class='ocrx_word' id='word_1_219' title='bbox 1149 2335 1193 2394; x_wconf 85' lang='lat' dir='ltr'><strong>in.-</strong></span> 
     </span>
    </p>

    <p class='ocr_par' dir='ltr' id='par_1_8' title="bbox 124 2422 1238 2858">
     <span class='ocr_line' id='line_1_26' title="bbox 124 2422 1238 2503; baseline 0 -21"><span class='ocrx_word' id='word_1_220' title='bbox 124 2427 158 2477; x_wconf 85' lang='grc'><strong>84</strong></span> <span class='ocrx_word' id='word_1_221' title='bbox 177 2422 275 2502; x_wconf 80' lang='lat' dir='ltr'><strong>plicat,</strong></span> <span class='ocrx_word' id='word_1_222' title='bbox 313 2425 404 2484; x_wconf 89' lang='lat' dir='ltr'><strong>scissa</strong></span> <span class='ocrx_word' id='word_1_223' title='bbox 423 2425 562 2502; x_wconf 87' lang='lat' dir='ltr'><strong>protinus</strong></span> <span class='ocrx_word' id='word_1_224' title='bbox 579 2424 677 2484; x_wconf 87' lang='lat' dir='ltr'><strong>reiicit</strong></span> <span class='ocrx_word' id='word_1_225' title='bbox 699 2423 735 2484; x_wconf 91' lang='lat' dir='ltr'><strong>ad</strong></span> <span class='ocrx_word' id='word_1_226' title='bbox 758 2423 918 2503; x_wconf 89' lang='lat' dir='ltr'><strong>polituram</strong></span> <span class='ocrx_word' id='word_1_227' title='bbox 941 2424 1081 2484; x_wconf 89' lang='lat' dir='ltr'><strong>sarciens.</strong></span> <span class='ocrx_word' id='word_1_228' title='bbox 1111 2440 1192 2482; x_wconf 87' lang='lat' dir='ltr'><strong>nam·</strong></span> <span class='ocrx_word' id='word_1_229' title='bbox 1208 2435 1238 2474; x_wconf 75' lang='lat'><strong>2⁵</strong></span> 
     </span>
     <span class='ocr_line' id='line_1_27' title="bbox 178 2509 1192 2593; baseline -0.001 -23"><span class='ocrx_word' id='word_1_230' title='bbox 178 2529 235 2590; x_wconf 89' lang='lat' dir='ltr'><strong>quc</strong></span> <span class='ocrx_word' id='word_1_231' title='bbox 259 2519 288 2572; x_wconf 90' lang='lat' dir='ltr'><strong>ct</strong></span> <span class='ocrx_word' id='word_1_232' title='bbox 306 2511 486 2572; x_wconf 90' lang='lat' dir='ltr'><strong>lacertarum</strong></span> <span class='ocrx_word' id='word_1_233' title='bbox 505 2511 618 2573; x_wconf 88' lang='lat' dir='ltr'><strong>catulos</strong></span> <span class='ocrx_word' id='word_1_234' title='bbox 640 2519 787 2572; x_wconf 87' lang='lat' dir='ltr'><strong>venantur</strong></span> <span class='ocrx_word' id='word_1_235' title='bbox 809 2530 843 2572; x_wconf 91' lang='lat' dir='ltr'><strong>cs</strong></span> <span class='ocrx_word' id='word_1_236' title='bbox 860 2514 997 2593; x_wconf 84' lang='lat' dir='ltr'><strong>primum</strong></span> <span class='ocrx_word' id='word_1_237' title='bbox 1019 2510 1076 2570; x_wconf 91' lang='lat' dir='ltr'><strong>tela</strong></span> <span class='ocrx_word' id='word_1_238' title='bbox 1099 2509 1192 2570; x_wconf 89' lang='lat' dir='ltr'><strong>invol-</strong></span> 
     </span>
     <span class='ocr_line' id='line_1_28' title="bbox 176 2598 1193 2680; baseline 0.002 -23"><span class='ocrx_word' id='word_1_239' title='bbox 176 2607 280 2661; x_wconf 86' lang='lat' dir='ltr'><strong>ventes</strong></span> <span class='ocrx_word' id='word_1_240' title='bbox 299 2607 330 2660; x_wconf 91' lang='lat' dir='ltr'><strong>et</strong></span> <span class='ocrx_word' id='word_1_241' title='bbox 343 2607 415 2660; x_wconf 91' lang='lat' dir='ltr'><strong>tunc</strong></span> <span class='ocrx_word' id='word_1_242' title='bbox 430 2600 550 2660; x_wconf 93' lang='lat' dir='ltr'><strong>demum</strong></span> <span class='ocrx_word' id='word_1_243' title='bbox 564 2600 646 2662; x_wconf 87' lang='lat' dir='ltr'><strong>labra</strong></span> <span class='ocrx_word' id='word_1_244' title='bbox 664 2607 790 2679; x_wconf 89' lang='lat' dir='ltr'><strong>utraque</strong></span> <span class='ocrx_word' id='word_1_245' title='bbox 809 2618 911 2662; x_wconf 90' lang='lat' dir='ltr'><strong>morsu</strong></span> <span class='ocrx_word' id='word_1_246' title='bbox 926 2598 1193 2680; x_wconf 88' lang='lat' dir='ltr'><strong>adprehendentes,</strong></span> 
     </span>
     <span class='ocr_line' id='line_1_29' title="bbox 177 2688 1194 2770; baseline 0 -22"><span class='ocrx_word' id='word_1_247' title='bbox 177 2688 414 2767; x_wconf 88' lang='lat' dir='ltr'><strong>amphitheatrali</strong></span> <span class='ocrx_word' id='word_1_248' title='bbox 441 2689 625 2770; x_wconf 90' lang='lat' dir='ltr'><strong>spectaculo,</strong></span> <span class='ocrx_word' id='word_1_249' title='bbox 656 2707 725 2750; x_wconf 87' lang='lat' dir='ltr'><strong>cum</strong></span> <span class='ocrx_word' id='word_1_250' title='bbox 755 2691 888 2768; x_wconf 89' lang='lat' dir='ltr'><strong>contigit.</strong></span> <span class='ocrx_word' id='word_1_251' title='bbox 934 2694 1005 2750; x_wconf 88' lang='lat' dir='ltr'><strong>sunt</strong></span> <span class='ocrx_word' id='word_1_252' title='bbox 1031 2706 1068 2748; x_wconf 91' lang='lat' dir='ltr'><strong>ex</strong></span> <span class='ocrx_word' id='word_1_253' title='bbox 1096 2705 1132 2748; x_wconf 92' lang='lat' dir='ltr'><strong>eo</strong></span> <span class='ocrx_word' id='word_1_254' title='bbox 1162 2695 1194 2748; x_wconf 89' lang='lat' dir='ltr'><strong>et</strong></span> 
     </span>
     <span class='ocr_line' id='line_1_30' title="bbox 177 2776 1193 2858; baseline 0.001 -22"><span class='ocrx_word' id='word_1_255' title='bbox 177 2780 309 2856; x_wconf 86' lang='lat' dir='ltr'><strong>auguria.</strong></span> <span class='ocrx_word' id='word_1_256' title='bbox 361 2780 471 2858; x_wconf 75' lang='lat' dir='ltr'><strong>quiippe</strong></span> <span class='ocrx_word' id='word_1_257' title='bbox 502 2780 686 2848; x_wconf 83' lang='lat' dir='ltr'><strong>incremento</strong></span> <span class='ocrx_word' id='word_1_258' title='bbox 717 2780 849 2839; x_wconf 89' lang='lat' dir='ltr'><strong>amnium</strong></span> <span class='ocrx_word' id='word_1_259' title='bbox 881 2779 983 2839; x_wconf 90' lang='lat' dir='ltr'><strong>luturo</strong></span> <span class='ocrx_word' id='word_1_260' title='bbox 1015 2776 1089 2837; x_wconf 88' lang='lat' dir='ltr'><strong>telas</strong></span> <span class='ocrx_word' id='word_1_261' title='bbox 1122 2794 1193 2838; x_wconf 83' lang='lat' dir='ltr'><strong>suas</strong></span> 
     </span>
    </p>
   </div>
   <div class='ocr_carea' id='block_1_3' title="bbox 175 2983 1195 3697">
    <p class='ocr_par' dir='ltr' id='par_1_9' title="bbox 176 2983 1194 3254">
     <span class='ocr_line' id='line_1_31' title="bbox 246 2983 1193 3054; baseline 0.001 -17"><span class='ocrx_word' id='word_1_262' title='bbox 246 2983 358 3039; x_wconf 67' lang='lat' dir='ltr'><strong>tintus</strong></span> <span class='ocrx_word' id='word_1_263' title='bbox 376 2985 404 3040; x_wconf 87' lang='lat' dir='ltr'><strong>ll.</strong></span> <span class='ocrx_word' id='word_1_264' title='bbox 423 2987 543 3054; x_wconf 59' lang='lat' dir='ltr'><strong>(parom</strong></span> <span class='ocrx_word' id='word_1_265' title='bbox 561 2990 589 3037; x_wconf 73' lang='grc' dir='ltr'>Ι</span> <span class='ocrx_word' id='word_1_266' title='bbox 610 2987 660 3054; x_wconf 76' lang='lat' dir='ltr'><strong>qui</strong></span> <span class='ocrx_word' id='word_1_267' title='bbox 676 2985 721 3038; x_wconf 83' lang='lat' dir='ltr'><strong>hic</strong></span> <span class='ocrx_word' id='word_1_268' title='bbox 742 2985 845 3054; x_wconf 70' lang='lat' dir='ltr'><strong>deficit)</strong></span> <span class='ocrx_word' id='word_1_269' title='bbox 863 3001 887 3040; x_wconf 89' lang='lat' dir='ltr'><strong>o.</strong></span> <span class='ocrx_word' id='word_1_270' title='bbox 921 3001 959 3039; x_wconf 81' lang='lat' dir='ltr'><strong>an</strong></span> <span class='ocrx_word' id='word_1_271' title='bbox 977 2984 1112 3039; x_wconf 78' lang='lat' dir='ltr'><strong>incute?</strong></span> <span class='ocrx_word' id='word_1_272' title='bbox 1140 2984 1193 3051; x_wconf 78' lang='lat' dir='ltr'><strong>cfr.</strong></span> 
     </span>
     <span class='ocr_line' id='line_1_32' title="bbox 176 3054 1194 3112; baseline 0.002 -3"><span class='ocrx_word' id='word_1_273' title='bbox 176 3054 262 3110; x_wconf 77' lang='lat' dir='ltr'><strong>Arist.</strong></span> <span class='ocrx_word' id='word_1_274' title='bbox 278 3056 421 3112; x_wconf 63' lang='lat' dir='ltr'><strong>biuda</strong></span> <span class='ocrx_word' id='word_1_275' title='bbox 492 3057 663 3110; x_wconf 70' lang='lat' dir='ltr'><strong>aetlemo.</strong></span> <span class='ocrx_word' id='word_1_276' title='bbox 691 3054 820 3111; x_wconf 82' lang='lat' dir='ltr'><strong>etiemll.</strong></span> <span class='ocrx_word' id='word_1_277' title='bbox 892 3055 1070 3110; x_wconf 74' lang='lat' dir='ltr'><strong>8eBBrot.</strong></span> <span class='ocrx_word' id='word_1_278' title='bbox 1098 3069 1149 3111; x_wconf 77' lang='lat' dir='ltr'><strong>oto.</strong></span> <span class='ocrx_word' id='word_1_279' title='bbox 1167 3071 1194 3111; x_wconf 83' lang='lat' dir='ltr'><strong>r.</strong></span> 
     </span>
     <span class='ocr_line' id='line_1_33' title="bbox 178 3125 1193 3196; baseline 0.001 -16"><span class='ocrx_word' id='word_1_280' title='bbox 178 3128 348 3196; x_wconf 78' lang='lat' dir='ltr'><strong>lgresenies</strong></span> <span class='ocrx_word' id='word_1_281' title='bbox 367 3131 440 3181; x_wconf 79' lang='lat' dir='ltr'><strong>ned.</strong></span> <span class='ocrx_word' id='word_1_282' title='bbox 540 3126 698 3196; x_wconf 76' lang='lat' dir='ltr'><strong>equedam</strong></span> <span class='ocrx_word' id='word_1_283' title='bbox 715 3143 740 3181; x_wconf 87' lang='lat' dir='ltr'><strong>o.</strong></span> <span class='ocrx_word' id='word_1_284' title='bbox 772 3127 875 3196; x_wconf 79' lang='lat' dir='ltr'><strong>quaed·</strong></span> <span class='ocrx_word' id='word_1_285' title='bbox 895 3126 922 3182; x_wconf 86' lang='lat' dir='ltr'><strong>ll.</strong></span> <span class='ocrx_word' id='word_1_286' title='bbox 1015 3131 1049 3180; x_wconf 88' lang='lat'><strong>10</strong></span> <span class='ocrx_word' id='word_1_287' title='bbox 1066 3125 1147 3181; x_wconf 83' lang='lat' dir='ltr'><strong>laxus</strong></span> <span class='ocrx_word' id='word_1_288' title='bbox 1164 3142 1193 3182; x_wconf 83' lang='lat' dir='ltr'><strong>n.</strong></span> 
     </span>
     <span class='ocr_line' id='line_1_34' title="bbox 176 3197 1194 3254; baseline 0.002 -4"><span class='ocrx_word' id='word_1_289' title='bbox 176 3197 236 3251; x_wconf 87' lang='lat' dir='ltr'><strong>lux-</strong></span> <span class='ocrx_word' id='word_1_290' title='bbox 255 3197 284 3252; x_wconf 90' lang='lat' dir='ltr'><strong>ll.</strong></span> <span class='ocrx_word' id='word_1_291' title='bbox 377 3203 410 3252; x_wconf 79' lang='lat'><strong>12</strong></span> <span class='ocrx_word' id='word_1_292' title='bbox 428 3197 496 3252; x_wconf 82' lang='lat' dir='ltr'><strong>licie.</strong></span> <span class='ocrx_word' id='word_1_293' title='bbox 514 3198 546 3252; x_wconf 84' lang='lat' dir='ltr'><strong>at</strong></span> <span class='ocrx_word' id='word_1_294' title='bbox 562 3197 654 3253; x_wconf 71' lang='lat' dir='ltr'><strong>Hasd.</strong></span> <span class='ocrx_word' id='word_1_295' title='bbox 681 3197 755 3253; x_wconf 84' lang='lat' dir='ltr'><strong>licea</strong></span> <span class='ocrx_word' id='word_1_296' title='bbox 773 3199 804 3252; x_wconf 83' lang='lat' dir='ltr'><strong>et</strong></span> <span class='ocrx_word' id='word_1_297' title='bbox 820 3201 899 3251; x_wconf 68' lang='lat' dir='ltr'><strong>mid.</strong></span> <span class='ocrx_word' id='word_1_298' title='bbox 931 3197 1019 3252; x_wconf 80' lang='lat' dir='ltr'><strong>liceat</strong></span> <span class='ocrx_word' id='word_1_299' title='bbox 1035 3198 1194 3254; x_wconf 64' lang='lat' dir='ltr'><strong>eeddmctt.</strong></span> 
     </span>
    </p>

    <p class='ocr_par' dir='ltr' id='par_1_10' title="bbox 175 3261 1195 3697">
     <span class='ocr_line' id='line_1_35' title="bbox 248 3261 1195 3340; baseline 0.002 -18"><span class='ocrx_word' id='word_1_300' title='bbox 248 3273 281 3322; x_wconf 83' lang='lat'><strong>15</strong></span> <span class='ocrx_word' id='word_1_301' title='bbox 301 3269 407 3337; x_wconf 80' lang='lat' dir='ltr'><strong>quanto</strong></span> <span class='ocrx_word' id='word_1_302' title='bbox 425 3273 472 3324; x_wconf 79' lang='lat' dir='ltr'><strong>to.</strong></span> <span class='ocrx_word' id='word_1_303' title='bbox 499 3269 568 3324; x_wconf 89' lang='lat' dir='ltr'><strong>·ndo</strong></span> <span class='ocrx_word' id='word_1_304' title='bbox 586 3285 610 3324; x_wconf 85' lang='lat' dir='ltr'><strong>r.</strong></span> <span class='ocrx_word' id='word_1_305' title='bbox 697 3274 730 3324; x_wconf 86' lang='grc'><strong>16</strong></span> <span class='ocrx_word' id='word_1_306' title='bbox 750 3269 846 3340; x_wconf 80' lang='lat' dir='ltr'><strong>agenti</strong></span> <span class='ocrx_word' id='word_1_307' title='bbox 864 3270 922 3324; x_wconf 83' lang='lat' dir='ltr'><strong>cdd.</strong></span> <span class='ocrx_word' id='word_1_308' title='bbox 937 3261 1106 3325; x_wconf 82' lang='lat' dir='ltr'><strong>mtteHord.</strong></span> <span class='ocrx_word' id='word_1_309' title='bbox 1139 3269 1195 3336; x_wconf 79' lang='lat' dir='ltr'><strong>efr.</strong></span> 
     </span>
     <span class='ocr_line' id='line_1_36' title="bbox 175 3339 1193 3412; baseline 0.001 -19"><span class='ocrx_word' id='word_1_310' title='bbox 175 3355 237 3393; x_wconf 82' lang='lat' dir='ltr'><strong>noe.</strong></span> <span class='ocrx_word' id='word_1_311' title='bbox 256 3339 309 3394; x_wconf 82' lang='lat' dir='ltr'><strong>luc.</strong></span> <span class='ocrx_word' id='word_1_312' title='bbox 319 3343 407 3408; x_wconf 72' lang='lat' dir='ltr'><strong>pet.</strong></span> <span class='ocrx_word' id='word_1_313' title='bbox 436 3340 485 3394; x_wconf 66' lang='lat' dir='ltr'><strong>-tris</strong></span> <span class='ocrx_word' id='word_1_314' title='bbox 498 3341 556 3397; x_wconf 87' lang='lat' dir='ltr'><strong>cod.</strong></span> <span class='ocrx_word' id='word_1_315' title='bbox 571 3339 652 3409; x_wconf 71' lang='lat' dir='ltr'><strong>otttr.</strong></span> <span class='ocrx_word' id='word_1_316' title='bbox 662 3339 754 3396; x_wconf 83' lang='lat' dir='ltr'><strong>Hard.</strong></span> <span class='ocrx_word' id='word_1_317' title='bbox 783 3341 861 3412; x_wconf 83' lang='lat' dir='ltr'><strong>genti</strong></span> <span class='ocrx_word' id='word_1_318' title='bbox 879 3358 903 3394; x_wconf 76' lang='grc' dir='ltr'><strong>ι.</strong></span> <span class='ocrx_word' id='word_1_319' title='bbox 932 3340 981 3395; x_wconf 66' lang='lat' dir='ltr'><strong>dis</strong></span> <span class='ocrx_word' id='word_1_320' title='bbox 999 3356 1022 3395; x_wconf 82' lang='lat' dir='ltr'><strong>r.</strong></span> <span class='ocrx_word' id='word_1_321' title='bbox 1039 3341 1043 3409; x_wconf 77' lang='lat' dir='ltr'><strong>l</strong></span> <span class='ocrx_word' id='word_1_322' title='bbox 1059 3357 1148 3396; x_wconf 88' lang='lat' dir='ltr'><strong>necne</strong></span> <span class='ocrx_word' id='word_1_323' title='bbox 1165 3357 1193 3394; x_wconf 85' lang='lat' dir='ltr'><strong>v.</strong></span> 
     </span>
     <span class='ocr_line' id='line_1_37' title="bbox 175 3409 1195 3483; baseline 0.004 -21"><span class='ocrx_word' id='word_1_324' title='bbox 175 3411 256 3464; x_wconf 86' lang='lat' dir='ltr'><strong>necte</strong></span> <span class='ocrx_word' id='word_1_325' title='bbox 275 3409 303 3464; x_wconf 86' lang='lat' dir='ltr'><strong>ll.</strong></span> <span class='ocrx_word' id='word_1_326' title='bbox 401 3417 434 3468; x_wconf 79' lang='lat'><strong>1‘1</strong></span> <span class='ocrx_word' id='word_1_327' title='bbox 453 3410 544 3482; x_wconf 78' lang='lat' dir='ltr'><strong>possit</strong></span> <span class='ocrx_word' id='word_1_328' title='bbox 561 3427 586 3466; x_wconf 83' lang='lat' dir='ltr'><strong>n.</strong></span> <span class='ocrx_word' id='word_1_329' title='bbox 618 3413 761 3481; x_wconf 75' lang='lat' dir='ltr'><strong>potentii·</strong></span> <span class='ocrx_word' id='word_1_330' title='bbox 788 3415 793 3481; x_wconf 83' lang='grc'>1</span> <span class='ocrx_word' id='word_1_331' title='bbox 822 3427 876 3483; x_wconf 84' lang='lat' dir='ltr'><strong>ege</strong></span> <span class='ocrx_word' id='word_1_332' title='bbox 893 3428 918 3466; x_wconf 85' lang='lat' dir='ltr'><strong>c.</strong></span> <span class='ocrx_word' id='word_1_333' title='bbox 951 3427 1019 3482; x_wconf 81' lang='lat' dir='ltr'><strong>eger</strong></span> <span class='ocrx_word' id='word_1_334' title='bbox 1036 3411 1064 3466; x_wconf 86' lang='lat' dir='ltr'><strong>ll.</strong></span> <span class='ocrx_word' id='word_1_335' title='bbox 1156 3417 1195 3466; x_wconf 70' lang='lat'><strong>20</strong></span> 
     </span>
     <span class='ocr_line' id='line_1_38' title="bbox 176 3479 1195 3554; baseline 0.006 -22"><span class='ocrx_word' id='word_1_336' title='bbox 176 3479 260 3533; x_wconf 84' lang='lat' dir='ltr'><strong>discit</strong></span> <span class='ocrx_word' id='word_1_337' title='bbox 276 3496 301 3534; x_wconf 83' lang='lat' dir='ltr'><strong>e.</strong></span> <span class='ocrx_word' id='word_1_338' title='bbox 328 3483 386 3536; x_wconf 80' lang='lat' dir='ltr'><strong>-eet</strong></span> <span class='ocrx_word' id='word_1_339' title='bbox 404 3481 774 3552; x_wconf 74' lang='lat' dir='ltr'><strong>lllfiloltdlacnlmine</strong></span> <span class='ocrx_word' id='word_1_340' title='bbox 792 3501 817 3539; x_wconf 86' lang='lat' dir='ltr'><strong>e.</strong></span> <span class='ocrx_word' id='word_1_341' title='bbox 843 3483 973 3554; x_wconf 73' lang='lat' dir='ltr'><strong>acumine</strong></span> <span class='ocrx_word' id='word_1_342' title='bbox 990 3483 1018 3538; x_wconf 86' lang='lat' dir='ltr'><strong>ll.</strong></span> <span class='ocrx_word' id='word_1_343' title='bbox 1090 3487 1125 3536; x_wconf 70' lang='lat'><strong>22</strong></span> <span class='ocrx_word' id='word_1_344' title='bbox 1145 3497 1195 3538; x_wconf 77' lang='lat' dir='ltr'><strong>ee—</strong></span> 
     </span>
     <span class='ocr_line' id='line_1_39' title="bbox 176 3553 1194 3624; baseline 0.008 -21"><span class='ocrx_word' id='word_1_345' title='bbox 176 3565 271 3604; x_wconf 83' lang='lat' dir='ltr'><strong>cursus</strong></span> <span class='ocrx_word' id='word_1_346' title='bbox 285 3554 316 3604; x_wconf 76' lang='lat' dir='ltr'><strong>B.</strong></span> <span class='ocrx_word' id='word_1_347' title='bbox 344 3560 453 3608; x_wconf 80' lang='lat' dir='ltr'><strong>acu-1).</strong></span> <span class='ocrx_word' id='word_1_348' title='bbox 482 3569 516 3608; x_wconf 87' lang='lat' dir='ltr'><strong>ac</strong></span> <span class='ocrx_word' id='word_1_349' title='bbox 529 3558 662 3608; x_wconf 75' lang='lat' dir='ltr'><strong>rursusd</strong></span> <span class='ocrx_word' id='word_1_350' title='bbox 690 3554 852 3611; x_wconf 77' lang='lat' dir='ltr'><strong>adeersum</strong></span> <span class='ocrx_word' id='word_1_351' title='bbox 866 3572 911 3611; x_wconf 73' lang='lat' dir='ltr'><strong>eu.</strong></span> <span class='ocrx_word' id='word_1_352' title='bbox 989 3559 1026 3608; x_wconf 78' lang='lat' dir='ltr'><strong>et</strong></span> <span class='ocrx_word' id='word_1_353' title='bbox 1043 3553 1194 3624; x_wconf 71' lang='lat' dir='ltr'><strong>quicum.</strong></span> 
     </span>
     <span class='ocr_line' id='line_1_40' title="bbox 176 3618 1118 3697; baseline 0.01 -26"><span class='ocrx_word' id='word_1_354' title='bbox 176 3618 234 3672; x_wconf 72' lang='lat' dir='ltr'><strong>(iel.</strong></span> <span class='ocrx_word' id='word_1_355' title='bbox 261 3622 577 3692; x_wconf 76' lang='lat' dir='ltr'><strong>ex(eilt¹)quieb1t.</strong></span> <span class='ocrx_word' id='word_1_356' title='bbox 606 3639 640 3678; x_wconf 85' lang='lat' dir='ltr'><strong>ex</strong></span> <span class='ocrx_word' id='word_1_357' title='bbox 657 3642 714 3692; x_wconf 86' lang='lat' dir='ltr'><strong>qna</strong></span> <span class='ocrx_word' id='word_1_358' title='bbox 732 3643 756 3680; x_wconf 74' lang='lat' dir='ltr'><strong>a.</strong></span> <span class='ocrx_word' id='word_1_359' title='bbox 784 3643 892 3697; x_wconf 84' lang='lat' dir='ltr'><strong>exque</strong></span> <span class='ocrx_word' id='word_1_360' title='bbox 911 3623 1118 3682; x_wconf 59' lang='lat' dir='ltr'><strong>eddootfflel.</strong></span> 
     </span>
    </p>
   </div>
   <div class='ocr_carea' id='block_1_4' title="bbox 0 0 1323 3952">
    <p class='ocr_par' dir='ltr' id='par_1_11' title="bbox 0 0 1323 3952">
     <span class='ocr_line' id='line_1_41' title="bbox 0 0 1323 3952; baseline 0 0"><span class='ocrx_word' id='word_1_361' title='bbox 0 0 1323 3952; x_wconf 95' lang='lat' dir='ltr'><strong> </strong></span> 
     </span>
    </p>
   </div>
  </div>
 </body>
</html>
