2624 3954
333 146 417 200 nar.
436 145 529 200 fflsu.
549 145 601 200 xli
621 152 708 202 9-12
729 147 855 216 (ro-ee)
1040 145 1104 212 289

83 298 202 376 pinum,
235 294 379 356 fertiliore
412 273 500 356 etiam
531 294 604 374 Tylo
635 297 764 375 minore,
797 313 872 374 quac
906 295 996 358 distat
1022 295 1049 361 ἶ
1076 315 1104 376 p.

84 380 162 468 (22)
186 383 271 446 luba
295 381 536 446 circafruticom
558 383 714 462 lanugines
737 402 804 444 esse
827 384 930 467 uadit,
953 384 1104 465 linteaque

84 493 120 536 ea
143 473 252 536 indicis
279 475 510 553 praestantiora,
536 471 661 534 Arabiae
689 479 789 534 autam
816 473 953 536 arborem
981 493 1018 536 ex
1045 493 1103 554 qua

83 571 184 624 vestes
201 562 310 624 faciant
333 579 422 641 cynas
445 564 554 642 vocari,
577 561 646 622 folio
669 561 782 641 palmae
805 562 903 624 simili.
949 565 992 624 sic
1014 562 1104 626 lndos

53 665 156 714 ssuae
175 651 297 714 arbores
320 653 459 712 vestiunt.
495 653 532 712 in
547 649 628 730 Tylis
651 658 750 712 autem
773 658 803 711 31
827 651 881 712 3113
904 649 994 713 arbor
1016 651 1104 714 floret

83 740 167 812 albae
185 739 279 802 violae
298 741 408 820 specie,
425 738 478 800 sed
496 737 701 818 magnitudine
715 738 899 820 quadriplici,
917 742 983 801 sine
1002 741 1104 822 odore,

81 830 164 909 quod
187 831 332 890 miremur
355 830 387 890 in
410 846 445 890 eo
469 836 577 891 tractu.

151 911 226 1002 (23)
249 916 305 978 Est
323 925 353 978 et
372 916 428 978 alia
446 917 559 997 similis,
582 917 716 980 foliosior
735 925 834 982 tamen
853 920 992 998 roseique
1011 917 1103 999 floris,
1122 928 1157 976 40

81 1025 174 1086 quem
192 1014 284 1068 noctu
302 1008 503 1086 comprimens
520 1007 637 1086 aperire
655 1008 761 1086 incipit
779 1005 850 1068 solis
873 1015 994 1087 exortu,
1016 1009 1104 1067 meri·

38 1110 67 1150 13
81 1097 132 1158 die
160 1096 310 1175 expandit.
354 1095 468 1156 incolae
495 1095 625 1157 dormire
654 1113 724 1156 eum
750 1095 862 1156 dicunt.
915 1097 974 1157 fert
1002 1096 1105 1157 eadem

81 1184 181 1246 insula
203 1192 235 1245 et
254 1183 367 1264 ‘palmas
391 1183 530 1263 oleasque
558 1203 592 1244 ac
615 1186 691 1246 vites
719 1191 749 1246 31
772 1202 841 1245 cunr
862 1183 980 1264 reliquo
1002 1203 1104 1264 pomo·

82 1291 153 1334 rum
175 1290 284 1353 genere
307 1274 388 1335 ficos.
433 1272 508 1334 nulli
529 1272 672 1354 arborum
693 1272 763 1334 folia
790 1272 833 1334 ibi
855 1273 1005 1353 decidunt,
1028 1275 1104 1352 riga-

81 1371 194 1442 turque
218 1361 322 1441 gelidis
345 1361 478 1424 fontibus
502 1369 532 1422 31
554 1361 666 1424 imbres
689 1363 805 1442 accipit.

152 1444 228 1534 (24)
256 1449 358 1513 Vicina
380 1451 428 1512 his
450 1450 557 1512 Arabia
581 1451 696 1531 flagitat
719 1449 866 1530 quandam
889 1468 1034 1529 generum
1062 1451 1104 1512 di·
1124 1459 1157 1507 41

42 1553 69 1595 15
85 1541 291 1620 stinctionem,
318 1541 459 1619 quoniam
481 1540 598 1602 fructus
620 1542 658 1600 113
682 1547 819 1602 constant
847 1539 959 1620 radice,
988 1540 1106 1620 frutice,

85 1631 212 1709 cortice,
236 1647 322 1712 suco,
344 1629 478 1710 lacrima,
500 1629 593 1712 ligno,
617 1629 752 1710 surculo,
775 1628 863 1710 flore,
886 1628 971 1709 folio,
994 1646 1092 1708 pomo.

157 1712 214 1781 12.
238 1711 312 1800 (25)
344 1717 438 1780 Radix
468 1726 497 1780 et
527 1719 632 1780 folium
663 1717 744 1779 lodis
774 1719 806 1778 in
838 1719 966 1778 maximo
998 1721 1105 1798 pretio.

85 1806 171 1868 radix
188 1810 265 1868 33311
282 1816 372 1888 gustu
390 1809 518 1888 ferrern,
537 1807 628 1869 odore
648 1808 763 1888 eximia,
782 1806 890 1868 frutice
909 1805 980 1866 31133
998 1806 1106 1868 inutili.

86 1898 183 1977 primo
202 1899 303 1958 statim
321 1899 446 1958 introitu
466 1898 562 1957 amnis
581 1895 646 1957 lndi
663 1898 695 1958 in
714 1894 813 1956 Patale
836 1895 934 1956 insula
957 1895 1017 1956 duo
1041 1897 1105 1958 eius

42 1999 70 2040 ²0
85 2003 208 2066 genera:
236 1988 355 2064 nigrum
383 1993 426 2065 et,
453 1985 534 2063 qnod
561 1983 681 2065 melius,
709 1983 875 2046 candicans.
920 1985 1053 2061 pretium
1074 1986 1106 2045 in

87 2074 179 2137 libras
202 2073 228 2134 ll
251 2087 303 2135 vs.

155 2156 229 2243 (26)
261 2161 304 2222 De
327 2161 398 2222 folio
421 2161 507 2224 nardi
529 2160 615 2241 plura
642 2161 702 2222 diei
732 2179 786 2240 par
814 2168 860 2222 est
886 2168 921 2222 ut
948 2159 1105 2240 principali
1124 2169 1158 2217 43

87 2252 120 2310 in
137 2252 307 2329 ungnentis.
343 2249 443 2311 frutex
467 2257 513 2310 331
531 2251 612 2328 gravi
636 2257 666 2310 31
688 2267 789 2310 crassa
812 2247 921 2330 radice,
946 2249 999 2308 sed
1021 2247 1106 2309 brevi

88 2357 122 2400 ao
145 2341 229 2418 nigra
256 2338 425 2419 fragilique,
452 2339 586 2417 quamvis
613 2339 730 2421 pingui,
757 2341 849 2400 situm
876 2335 1044 2418 redolente,
1070 2345 1106 2399 ut

45 2441 73 2482 2⁵
88 2431 218 2510 cypiros,
245 2445 351 2508 aspero
379 2445 499 2508 sapore,
527 2427 597 2487 folio
624 2445 715 2507 parvo
743 2427 905 2506 densoque.
951 2427 1106 2488 cacumina

87 2520 119 2579 in
142 2519 248 2578 aristas
269 2535 303 2578 se
326 2524 482 2598 spargunt,
509 2515 578 2577 ideo
600 2517 716 2595 gemina
740 2515 809 2578 dote
837 2513 923 2576 nardi
946 2517 1043 2595 spicas
1071 2533 1105 2576 ae

88 2605 158 2667 folia
181 2605 343 2667 celebrant.
380 2604 507 2667 alterum
531 2607 596 2666 eius
619 2622 718 2684 genus
738 2604 816 2685 apud
835 2603 956 2683 Gangen
979 2621 1106 2665 nascens

88 2693 245 2756 damnatur
276 2696 308 2754 in
339 2703 436 2756 totum
467 2693 648 2755 ozaenitidos
679 2696 812 2776 nomine,
844 2695 927 2754 virus
959 2692 1106 2754 redolens.

88 2782 273 2845 adadteratur
305 2791 353 2845 31·’
366 2781 573 2864 pseudonardo
603 2776 696 2844 berba
729 2801 804 2863 qnae
833 2781 944 2860 ubique
973 2783 1106 2842 nascitur
1124 2790 1159 2838 43

160 2993 176 3044 2
199 2990 287 3045 tradit
302 2997 356 3046 lto.
373 3005 434 3046 333.
452 3006 475 3047 r.
566 2995 584 3046 8
607 2989 735 3046 arborem
753 2989 826 3044 Doti.
845 2989 905 3043 3311.
923 2988 1015 3044 intime
1032 2989 1106 3044 libri.

87 3077 145 3116 -res
163 3061 221 3116 llo.
246 3063 251 3130 Ι
276 3079 332 3131 qua
350 3062 378 3118 11.
406 3062 508 3132 quibus
524 3078 549 3116 o.
632 3059 1024 3142 63331113113311ι113313113.
1043 3059 1107 3142 Ecl-

85 3131 582 3260 1111413111111111111
610 3132 973 3258 ⁰lt'tams¹⁴2⁰²ib²b⁸
992 3131 1107 3256 bili

113 3247 119 3260 '
160 3280 193 3329 ro
213 3273 273 3331 eiua
291 3247 494 3332 3313131333.
519 3245 625 3357 aslon
651 3273 794 3329 sanceias
812 3244 858 3328 ab.
931 3243 1056 3326 acnvs
1074 3242 1106 3325 aas

88 3345 154 3485 {ab}
169 3348 627 3486 lilt‚1⁶ffilt¹feb¹’¹‘tt
643 3344 816 3486 {maffia
826 3343 1106 3485 ,pgr-,agapae

88 3503 228 3558 pressum
246 3493 271 3543 d.
303 3491 336 3544 ul
353 3506 516 3560 cupressum
532 3493 565 3543 Ι.
593 3487 631 3542 -31
648 3485 877 3544 addecimare.
910 3487 960 3540 aui
978 3499 1107 3552 cupress-

88 3576 152 3614 sum
164 3565 195 3614 11.
222 3563 256 3614 ut
272 3559 369 3630 cyperi
385 3561 475 3616 Bcrb.
556 3559 710 3616 1163313133
730 3558 955 3628 sespargunto.
988 3555 1044 3607 aas
1063 3570 1106 3608 res

89 3631 210 3699 parcunt
221 3637 254 3686 11.
283 3634 341 3686 -133
360 3633 498 3702 spargunt
514 3629 559 3688 11².
587 3631 630 3686 ·ta
647 3645 681 3685 33
700 3646 743 3699 sp·
762 3631 788 3682 d
815 3629 856 3681 -le
876 3626 1029 3694 aspergunt
1041 3623 1109 3676 12¹⁸.

143 3721 211 3762 Patr.
225 3731 283 3762 aar.
297 3729 360 3763 msc.
387 3721 419 3763 IL
915 3718 947 3766 19
