2636 3952
369 104 453 185 nar.
471 104 563 160 mov.
583 105 621 160 xi
641 98 726 162 vati
748 95 856 178 d-tot
1053 107 1119 176 215

105 266 172 320 tura
199 257 316 338 scabra,
347 258 439 337 pedes
466 260 582 339 priores
609 266 721 340 rostro,
754 259 892 340 totaeque
920 269 1044 322 onustae
1072 271 1118 322 re·

105 355 205 408 meant
228 349 343 407 sarcina
371 347 522 425 pandatae.
569 349 720 427 excipiunt
748 367 798 410 eas
826 357 928 410 ternae
956 359 1118 429 quaternae

106 454 180 516 quae
208 443 378 497 exonerant.
425 445 494 498 sunt
524 439 603 497 enim
632 439 713 498 intus
743 456 860 517 quoque
891 440 988 500 officia
1018 439 1118 500 divisa.

1 599 2 604 ἵ
105 525 177 588 aliae
201 532 334 606 struunt,
364 525 436 586 aliae
459 525 588 606 poliunt,
619 525 691 585 aliae
715 535 892 609 suggerunt,
922 527 994 588 aliae
1018 527 1118 589 cibum
1137 536 1172 586 22

1 609 2 644 ³
77 622 277 694 acomparant
301 633 337 674 ex
360 633 395 674 eo
419 614 497 692 quod
522 614 651 675 adlatum
674 623 728 676 est.
774 634 872 694 neque
900 619 980 677 enim
1003 636 1118 696 separa·

105 705 159 776 tim
181 710 357 784 vescuntur,
385 721 423 763 ne
451 703 643 782 inaequalitas
667 705 766 782 operis
789 712 820 765 et
842 704 901 765 cibi
924 706 974 766 liat
997 714 1027 766 et
1045 713 1118 766 tem-

104 794 196 872 poris.
247 799 369 852 struunt
399 810 484 852 orsae
514 811 531 852 a
561 794 814 853 concamaratione
849 793 906 854 alvi
944 801 1118 873 textumque

105 879 186 940 velut
210 899 226 940 a
249 899 364 942 summa
386 879 445 942 tela
464 880 624 962 deducunt,
647 880 792 942 limitibus
815 880 893 942 binis
917 884 996 942 circa
1019 883 1118 962 singu-

1 968 2 971 ’
106 969 150 1029 los
180 977 277 1049 cotue,
307 978 340 1030 ut
370 969 434 1030 aliis
464 972 589 1051 intrent,
620 969 684 1030 aliis
715 978 829 1031 exeant.
875 971 932 1032 favi
964 974 1118 1051 superiore
1138 979 1171 1028 23

66 1070 93 1109 10
106 1066 190 1138 parte
215 1057 313 1139 adfixi,
337 1065 367 1119 et
390 1058 511 1138 paulum
535 1061 624 1119 etiam
650 1057 793 1119 lateribus
822 1059 909 1120 simul
937 1058 1061 1119 haerent
1090 1067 1119 1120 et

45 1175 51 1182 ·
104 1147 235 1226 pendent
258 1149 324 1206 ima.
370 1146 467 1207 alvum
489 1165 549 1208 non
577 1149 766 1229 contingunt,
795 1155 867 1209 tunc
894 1146 1020 1229 obliqui,
1047 1155 1120 1209 tunc

104 1235 239 1316 rotundi,
262 1235 388 1313 qualiter
410 1239 546 1314 poposcit
569 1234 663 1316 alvus,
686 1236 842 1315 aliquando
867 1245 897 1297 et
920 1237 1048 1298 duorum
1071 1256 1119 1316 ge·

104 1341 225 1405 nerum,
254 1342 323 1384 cum
346 1325 404 1384 duo
428 1327 562 1386 examina
590 1324 788 1385 concordibus
816 1325 933 1404 populis
962 1325 1120 1386 dissimiles

104 1413 236 1488 habuere
255 1413 340 1472 ritus.
375 1415 498 1474 ruentes
517 1432 601 1474 ceras
620 1414 757 1494 sulcurnt,
780 1414 907 1494 pilarum
931 1416 1120 1493 intergerivis

1 1519 2 1555 1
63 1513 122 1562 15a
145 1501 208 1563 solo
236 1501 402 1582 fornicatis,
430 1519 466 1562 ne
495 1501 572 1562 desit
600 1502 697 1563 aditus
725 1503 760 1563 ad
789 1504 986 1564 sarciendum.
1031 1505 1120 1582 primi
1139 1508 1174 1559 24

1 1599 2 1636 ³
106 1591 169 1651 lere
191 1597 255 1650 tres
278 1607 382 1651 versus
405 1591 508 1650 inanes
532 1599 699 1671 struuntur,
722 1609 760 1651 ne
783 1598 955 1672 promptum
978 1594 1017 1652 sit
1041 1591 1119 1670 quod

1 1683 2 1742 l
105 1682 209 1740 invitet
232 1679 389 1740 furantem.
422 1680 582 1758 novissimi.
597 1683 723 1740 maxime
746 1679 898 1758 inplentur
921 1680 1016 1740 melle.
1053 1679 1120 1741 ideo

107 1785 209 1828 aversa
232 1765 295 1827 alvo
323 1768 381 1828 favi
408 1769 588 1828 eximuntur.
634 1768 753 1848 gerulae
782 1769 929 1829 secundos
957 1769 1045 1829 ssatus
1073 1787 1119 1828 ca·

106 1862 199 1934 ptant.
245 1858 269 1916 si
290 1858 440 1917 cooriatur
459 1855 598 1938 procella,
622 1857 799 1935 adprehensi
819 1857 1005 1935 pondusculo
1030 1856 1121 1936 lapilli

66 1956 96 1996 20
110 1963 142 2005 se
164 1943 283 2005 librant.
320 1945 439 2024 quidam
462 1947 494 2004 in
517 1963 637 2005 umeros
661 1962 730 2005 eum
753 1947 855 2022 inponi
878 1945 1007 2005 tradunt.
1039 1947 1121 2005 iuxta

105 2051 177 2092 vero
200 2041 311 2093 terram
333 2032 432 2092 volant
454 2035 486 2092 in
505 2031 627 2092 adverso
646 2033 718 2093 llatu
735 2031 875 2110 vepribus
895 2033 1019 2093 evitatis.
1047 2035 1122 2093 mira
1140 2039 1177 2088 25-

107 2120 274 2181 observatio
302 2122 415 2198 operis:
448 2122 627 2181 cessantium
655 2123 793 2180 inertiam
820 2127 936 2202 notant,
968 2123 1121 2201 castigant,

106 2226 177 2269 mox
200 2215 231 2268 et
252 2211 381 2286 puniunt
403 2216 508 2268 morte.
541 2211 615 2268 mira
637 2208 795 2270 munditia:
819 2209 1000 2270 amoliuntur
1024 2211 1122 2268 ornnia

107 2317 125 2360 e
152 2296 264 2377 medic,
298 2295 454 2377 nullaeque
488 2299 567 2357 inter
598 2316 689 2377 opera
716 2299 875 2376 spurcitiae
907 2300 1017 2377 iacent3
1049 2299 1122 2376 quin

59 2399 92 2441 25
107 2395 139 2447 et
172 2392 360 2446 excrementa
392 2388 579 2465 operantium
610 2388 707 2468 intus,
744 2405 781 2446 ne
818 2385 935 2465 longius
971 2386 1121 2467 recedant,

107 2494 202 2536 unum
232 2482 372 2554 congesta
401 2477 432 2546 in
459 2475 558 2535 locum
585 2474 712 2536 turbidis
740 2473 845 2536 diebus
873 2484 902 2536 et
933 2477 1031 2554 operis
1061 2477 1121 2535 otio

107 2572 243 2643 egerunt.
289 2581 357 2624 cum
386 2563 617 2645 advesperascit,
644 2567 675 2624 in
703 2562 767 2624 alvo
795 2571 934 2644 strepunt
961 2566 1059 2624 nunus
1088 2583 1121 2624 ac
1140 2571 1176 2622 21

108 2655 217 2732 minue,
240 2653 334 2713 donec
357 2671 417 2713 una
440 2652 632 2713 circumvolet
656 2653 760 2713 eodem
780 2670 839 2731 quo
859 2654 996 2714 excitavit
1014 2651 1122 2713 bombo

109 2759 165 2802 ceu
195 2743 326 2820 quietem
362 2760 467 2822 capere
497 2743 660 2822 imperans,
693 2750 723 2803 et
755 2740 812 2802 boc
841 2748 1007 2802 castrorum
1029 2743 1121 2802 more.

60 2845 94 2887 ao
109 2839 181 2891 tunc
211 2837 336 2909 repente
368 2849 471 2891 omnes
503 2832 717 2891 conticescunt.
774 2824 822 2892 ll.
860 2829 963 2890 domos
993 2831 1123 2909 primum

108 2917 207 2998 plebei
236 2917 444 3001 exaedificant,
478 2918 584 2980 demde
612 2919 742 3000 regibus.
792 2921 818 2980 si
848 2926 984 2998 speratur
1013 2917 1123 2998 largior

183 3166 198 3214 'l
212 3176 341 3215 rursusne
355 3177 379 3214 a.
396 3162 401 3226 l
418 3159 660 3216 concameratione
673 3177 698 3215 o.
726 3177 793 3216 -ava
806 3161 861 3214 rab
877 3161 904 3214 ll.
978 3165 994 3214 8
1008 3159 1088 3214 uelut
1100 3164 1124 3212 B

109 3231 202 3286 Hand.
229 3231 304 3286 uelat
316 3238 346 3284 1).
374 3231 469 3286 nlstd.
497 3231 582 3285 nelis'o
595 3249 618 3286 a.
647 3232 794 3300 velutque
808 3231 867 3286 edd.
882 3236 946 3285 ante
959 3231 1051 3286 Hand.

111 3309 143 3357 11
167 3301 225 3356 ima
243 3303 270 3356 ll.
303 3318 359 3357 una
380 3318 406 3356 o.
437 3301 525 3355 imam
548 3302 672 3372 (alvum)
693 3304 766 3358 Dect.
797 3304 801 3370 Ι
834 3303 902 3356 tunc
920 3302 992 3355 Dctl.
1025 3317 1076 3354 om.
1095 3301 1129 3355 ll.-

107 3391 184 3428 nunc
202 3389 228 3427 o.
252 3375 257 3438 1
281 3375 349 3427 trano
367 3377 440 3427 ned.
468 3390 542 3427 nunc
559 3375 657 3442 R(?)c.
749 3380 782 3428 19
802 3371 970 3442 apprehensi
989 3371 1046 3426 eet.
1074 3371 1124 3424 -sis

109 3447 137 3500 ll.
164 3447 168 3512 Ι
193 3443 286 3514 lapilli
305 3460 334 3499 ae
353 3444 410 3500 cet.
439 3444 486 3498 -lis
506 3445 533 3498 ll.
561 3444 611 3510 cfr.
628 3444 743 3515 Quincti.
763 3445 780 3499 l.
800 3445 817 3498 l.
908 3448 941 3496 21
962 3441 1076 3512 enitatis
1093 3447 1124 3492 R.

1 3525 2 3546 ;
109 3515 255 3571 euacualis
275 3514 357 3568 22ss
391 3515 518 3570 euauatis
536 3515 601 3570 92¹.
679 3521 726 3578 ,24
745 3531 761 3570 e
779 3532 803 3568 o.
832 3530 882 3568 om.
902 3513 929 3566 ll.
1020 3517 1054 3564 29
1073 3511 1125 3564 im·

108 3603 213 3658 perans
232 3587 294 3640 din
307 3603 362 3641 aas.
377 3603 401 3641 o.
430 3585 588 3655 impetratis
607 3585 659 3656 (in-
677 3588 710 3656 1))
728 3603 751 3640 r.
779 3582 933 3654 inperitans
951 3583 986 3635 iis
1005 3581 1067 3636 Siti.
