2610 3960
229 141 294 207 258
573 137 602 193 Ο.
620 135 721 194 PLINI
739 135 899 192 suenum

228 294 317 354 ranis.
355 288 552 370 aegocephalo
576 289 705 348 aviron
727 287 826 348 inesse
850 293 967 348 constat
988 304 1087 365 neque
1109 288 1154 348 iis
1182 301 1260 364 quae

175 387 352 442 rotcereant
366 381 517 459 sanguine.
545 375 695 458 peculiare
709 393 817 438 cursus
834 375 1071 455 inpedimentum
1088 373 1261 455 aliquando

227 474 259 532 in
288 488 338 551 eo,
368 467 563 548 quemobrem
591 467 736 528 minentur
766 482 925 528 cursorum
953 462 1175 536 laborantibus.
1234 471 1263 522 et

227 577 282 640 per
305 557 413 619 vulnus
436 559 526 634 etism
549 563 687 635 exempto
708 555 809 614 rivere
836 552 972 618 animalia
999 554 1130 616 tradunt.
1187 560 1264 612 sunt

227 651 279 729 qui
301 654 409 728 putent
431 647 521 708 adimi
547 644 637 706 simod
664 645 760 706 risum
786 642 900 704 bomini
925 644 1287 722 intemperantiamqnes

228 741 294 799 eius
317 743 454 798 constare
478 735 565 796 lienis
588 732 801 812 magnitudine.
837 731 923 794 Asiae
946 734 1029 812 regio
1053 731 1184 812 Scepsis
1211 749 1263 809 ap-

227 827 364 908 pellatur,
386 828 418 886 in
441 843 500 904 qua
522 824 661 884 minimos
685 840 751 883 esse
773 823 877 901 pecori
899 821 1035 901 tradunt,
1062 829 1094 883 et
1115 820 1197 883 inde
1223 819 1263 878 ad

220 916 337 990 ‚benum
360 916 478 975 invecta
500 911 639 974 remedia.

175 1012 227 1061 noe
296 996 371 1087 (81)
394 1002 527 1064 *lienes
550 999 661 1062 habent
683 1001 781 1062 omnia
805 999 1020 1079 qusbipedum
1037 1017 1114 1079 quae
1140 997 1263 1060 animal

228 1100 381 1175 generant,
403 1111 457 1152 ova
475 1092 655 1171 parientium
679 1087 797 1150 testudo
819 1088 893 1171 sola,
915 1107 992 1168 qnae
1013 1096 1046 1149 et
1068 1088 1124 1148 alia
1148 1089 1261 1150 omnia
1276 1097 1299 1136 10

227 1185 354 1263 viscera,
377 1181 430 1242 sed
453 1188 487 1242 ut
509 1179 597 1240 homo
621 1176 742 1240 bubulis
764 1177 876 1240 similes
898 1177 982 1240 velut
1002 1196 1019 1240 e
1042 1177 1146 1240 multis
1170 1178 1260 1238 reni·
1299 1243 1300 1252 χ

227 1271 284 1332 bns
307 1267 531 1350 compositos*
568 1275 598 1328 at
620 1269 652 1328 in
670 1265 783 1328 Brileto
803 1273 836 1330 et
854 1266 972 1328 Tharne
996 1268 1134 1345 quaterni
1156 1283 1259 1328 renes
1299 1261 1300 1268 ’

228 1363 340 1442 cervis,
372 1365 476 1420 contra
507 1358 637 1436 pinnatis
668 1357 893 1435 squamosisque
925 1354 1007 1418 nulli.
1069 1355 1107 1418 de
1145 1363 1258 1418 cetero
1299 1384 1300 1454 l

228 1451 353 1511 summis
375 1447 539 1508 adbaerent
559 1444 678 1507 lumbis.
723 1445 828 1506 dexter
849 1443 988 1506 omnibns
1010 1443 1115 1508 elatior
1139 1452 1172 1506 et
1196 1445 1258 1504 mi-

228 1557 286 1598 nns
307 1538 428 1617 pinguis
451 1537 629 1614 sicciorque.
673 1535 794 1612 utrique
817 1541 918 1596 autem
939 1532 1117 1612 pinguitudo
1140 1552 1158 1594 e
1187 1551 1256 1596 me·
1271 1541 1295 1582 1⁵

154 1658 167 1668 f
230 1627 278 1688 dio
298 1627 360 1686 exit
377 1632 587 1705 praeterquam
606 1625 637 1684 in
656 1623 747 1684 vitulo
766 1624 890 1682 marino.
918 1621 1054 1684 animalia
1070 1624 1103 1684 in
1120 1621 1256 1684 renibus

227 1715 439 1795 pingrdssimu,
470 1731 541 1774 ores
569 1712 689 1792 quidem
710 1711 843 1774 letaliter
874 1712 988 1774 circum
1020 1729 1071 1774 eos
1104 1717 1254 1774 concreto

227 1805 340 1884 pingui.
386 1801 544 1882 aliquando
567 1804 599 1863 in
621 1803 658 1864 iis
681 1801 874 1862 invenientur
897 1798 1031 1881 lapilli*
1122 1833 1125 1841 =
1299 1781 1300 1871 l

174 1898 226 1948 207
275 1885 380 1975 (82)
417 1890 539 1972 Pectus,
570 1890 628 1952 hoc
656 1898 704 1951 est
732 1907 813 1972 osse,
839 1889 1022 1969 praecordiis
1050 1895 1085 1950 et·
1107 1888 1251 1952 vitalibus

228 1989 338 2044 natura
358 1980 569 2060 circumdedit,
598 1986 628 2041 nt
650 1981 761 2061 uentri,
791 1995 881 2058 quem
903 1997 1027 2042 necesse
1054 1986 1120 2040 erat
1148 1981 1248 2040 inore·
1263 1988 1288 2028 ¹⁰

228 2089 322 2153 scere,
340 2070 459 2131 ademit
491 2068 565 2130 nulli
584 2068 753 2130 animalium
772 2069 852 2130 cirea
870 2075 1004 2131 tenuem
1022 2085 1098 2128 osse.
1139 2075 1248 2147 pectus

227 2160 341 2222 bomini
359 2165 476 2220 tantum
493 2157 594 2239 latum,
617 2156 742 2236 reliquis
760 2158 936 2238 carduetum,
958 2155 1129 2218 rotundus
1154 2158 1248 2236 magis

229 2259 259 2311 et
287 2251 367 2310 inter
397 2266 447 2309 ees
477 2248 621 2326 aquaticis
650 2247 786 2308 maxime.
838 2253 938 2308 costae
967 2245 1081 2308 bomini
1111 2253 1247 2327 octonae,

228 2337 322 2399 subus
345 2337 448 2416 denae,
471 2337 635 2415 cornigeris
657 2349 739 2416 xm,
761 2333 952 2414 serpentibus
974 2349 1057 2398 m.

173 2431 227 2492 208
295 2418 370 2508 (83)
394 2425 475 2485 lnlra
492 2425 591 2486 alvum
608 2432 690 2486 esta
711 2425 811 2504 priore
834 2431 920 2505 parte
942 2425 1049 2506 vesica,
1072 2441 1149 2503 quae
1173 2423 1281 2486 nulio

229 2531 283 2575 ova
300 2515 500 2593 gignentium,
521 2520 642 2593 praeter
658 2513 853 2595 testudinem,
875 2513 949 2576 nulli
971 2514 1031 2574 nisi
1048 2514 1244 2592 sanguineum

227 2602 400 2683 pulmonem
417 2600 548 2682 babenti,
570 2602 644 2664 nulli
661 2601 788 2682 pedibus
812 2604 987 2664 carentium
1022 2603 1103 2664 inter
1126 2619 1195 2664 earn
1217 2607 1245 2661 et

228 2690 325 2753 alvum
348 2692 475 2752 arteriae
498 2691 535 2751 ad
557 2690 669 2771 pubem
690 2691 848 2754 tendentes
871 2709 946 2771 quae
973 2690 1023 2754 ilia
1049 2689 1244 2770 appellantur.

301 2915 528 2985 laegoeephelo
546 2915 676 2970 muare.
712 2931 784 2984 equo
803 2931 846 2970 ce·
865 2919 890 2970 d.
928 2915 1080 2986 ecgoepolo
1098 2933 1124 2970 s
1162 2931 1242 2986 egoe-

228 2985 296 3056 palo
310 3001 333 3040 r.
406 2991 422 3040 3
436 2985 571 3040 minuitur
584 2987 678 3042 Ianus
690 2987 750 3041 coll.
768 2989 875 3040 XXVI
879 2990 945 3043 132.
972 2986 1093 3040 inuritur
1105 2987 1164 3042 llo.

229 3064 245 3113 6
261 3055 320 3111 eius
333 3059 386 3110 ua.
411 3057 469 3112 cios
482 3073 505 3112 r.
523 3057 580 3112 ioci
592 3058 652 3113 edd.
662 3061 726 3112 cote
735 3057 793 3112 Get.
865 3062 882 3112 8
895 3057 1008 3114 innecte
1021 3056 1081 3111 1t¹a
1094 3057 1151 3113 cod.
1161 3056 1240 3125 Obiff.

227 3127 343 3184 inuentu
360 3143 405 3183 ev.
433 3128 530 3186 inusta
547 3144 570 3183 r.
665 3134 682 3183 9
700 3128 876 3185 Renes-tt
895 3143 959 3184 eom
978 3128 1065 3186 ositos
1083 3129 1137 3186 buc
1153 3133 1239 3184 bons·

223 3199 393 3268 wodemo.
407 3204 445 3255 18
459 3201 518 3256 coll.
531 3200 623 3256 indice
636 3200 710 3256 libri.
783 3205 808 3256 9.
819 3205 853 3256 10
910 3199 916 3211 '
979 3199 985 3211 '
1023 3201 1171 3271 gerantl

228 3276 261 3327 11
286 3269 386 3328 similis
404 3270 509 3326 similes
526 3276 562 3326 u.
650 3277 682 3327 lt
701 3270 928 3343 pinguissimae.
956 3287 1030 3327 -mus
1047 3276 1079 3326 R
1108 3269 1237 3340 -nnisnl

227 3344 358 3399 concrete
375 3346 453 3398 lto.
485 3344 542 3398 tos
559 3356 583 3398 r.
692 3348 726 3398 19
748 3345 793 3398 est
814 3359 879 3398 ossa
896 3347 980 3398 lito.
1012 3343 1126 3400 eeosta
1142 3346 1167 3397 «t
1198 3342 1239 3396 est

228 3415 291 3470 orla
302 3419 357 3467 tle.
421 3419 454 3468 23
469 3413 581 3470 homini.
589 3415 702 3468 temtum
714 3413 781 3469 lt'o.
841 3420 876 3470 24
889 3414 974 3474 subus
987 3412 1058 3468 Μ’.
1080 3411 1175 3470 suibus
1186 3418 1236 3469 lto.

228 3484 334 3540 subitus
347 3483 413 3538 net
435 3483 1004 3557 desultredeoimdtrigintsndtffio.
1027 3484 1237 3542 memmallo

227 3556 406 3612 distnbutt‘oo
420 3556 550 3624 portenda
567 3561 660 3612 emet:
685 3557 1117 3628 efr.§165.V11145.X156.
1203 3561 1235 3610 tt
1291 3598 1296 3623 ,

227 3643 262 3682 ea
278 3632 313 3683 Ι.
391 3630 426 3682 28
444 3625 495 3682 ilia
512 3630 586 3682 ndo.
613 3626 666 3681 illa
682 3628 781 3684 ssat
807 3628 849 3684 ils
866 3628 905 3688 ι’.
