2620 3948
199 152 244 214 80
547 149 575 204 Ο.
595 150 695 204 PLINI
714 148 871 205 SECUNDI

199 319 271 361 suco
300 300 535 378 inpedimentum
562 299 633 359 illud
662 301 743 359 exuit
771 299 942 379 nitidusque
971 307 1083 363 vernat.
1136 302 1216 360 exirit

200 397 299 449 autem
327 408 343 448 a
371 391 466 467 capite
494 391 637 468 primum,
670 407 726 448 nec
753 388 881 448 celerius
909 406 998 466 quam
1024 407 1086 448 uno
1109 388 1157 448 die
1186 397 1217 448 et

200 486 300 556 nocte,
324 477 471 556 replicans
490 485 523 537 ut
542 485 626 536 extra
644 477 694 536 liat
713 476 901 536 membranae
921 476 1000 554 quod
1014 478 1107 537 luerit
1125 479 1216 538 intus.
1308 505 1309 534 r

178 566 278 633 ,idem
302 565 426 626 hiberna
453 565 566 625 latebra
593 567 657 626 visu
686 565 843 626 obscurato
871 565 1021 626 marathvo
1044 565 1154 626 herbae
1183 585 1216 626 se

199 654 346 714 adfricans
369 654 471 714 oculos
494 657 632 733 inunguit
655 673 687 714 ac
711 654 839 734 refovet,
862 656 977 714 sivero
1001 671 1140 732 squamae
1164 653 1245 714 ob·⁵

199 751 349 824 torpuere,
373 745 466 823 spinis
489 745 618 822 iuniperi
641 761 673 802 se
697 741 798 802 scabit.
830 743 918 803 draco
938 761 1059 802 vernam
1082 744 1215 804 nausiam

142 843 197 890 100
209 831 351 892 silvestris
382 832 513 892 lactucae
544 851 616 893 suco
646 833 814 910 restinguit.
865 831 1025 910 pantheras
1055 834 1214 910 perfricata

199 938 287 980 carne
316 923 432 981 aconito
457 955 498 962 —
524 919 685 998 [venenum
709 920 740 979 id
764 919 823 996 est]
848 919 1032 979 -barbari
1060 928 1213 980 venantur.
1308 943 1309 946 ¹

199 1017 325 1088 occupat
346 1010 415 1069 ilico
439 1011 539 1069 lauces
562 1027 665 1068 earum
688 1026 791 1088 angor,
823 1027 914 1086 quare
937 1009 1160 1087 pardalianches
1182 1009 1213 1069 id

199 1116 346 1158 venenum
373 1097 556 1177 appellavere
585 1098 712 1178 quidam.
759 1106 788 1158 at
814 1099 877 1157 iera
906 1105 1008 1157 contra
1031 1097 1087 1157 hoc
1111 1111 1260 1157 exere-1⁰

198 1189 306 1246 mentis
334 1186 470 1246 hominis
490 1186 547 1246 sibi
573 1186 724 1266 medetur,
753 1193 784 1245 et
811 1185 882 1246 alias
910 1193 970 1245 tam
998 1187 1080 1246 avida
1108 1205 1214 1246 eorum

198 1283 231 1335 ut
254 1293 270 1333 a
288 1274 458 1354 pastoribus
482 1293 518 1334 ex
536 1275 682 1335 industria
704 1277 736 1334 in
755 1275 853 1353 aliquo
872 1293 939 1334 vase
963 1289 1107 1354 suspensa
1126 1274 1214 1334 altius

198 1381 285 1441 quam
309 1371 343 1424 ut
366 1370 455 1442 queat
480 1364 556 1423 saltu
580 1366 725 1443 attingere
748 1363 902 1425 iaculando
931 1383 962 1423 se
986 1363 1213 1443 appetendoque

197 1452 313 1511 deficiat
333 1459 362 1512 et
380 1459 532 1530 postremo
552 1454 690 1533 exspiret,
714 1451 823 1530 alioqui
841 1454 1003 1512 vivacitatis
1024 1451 1096 1512 adeo
1115 1451 1212 1512 lentae
1308 1521 1309 1534 χ

141 1549 194 1598 101
206 1548 239 1599 ut
267 1542 370 1600 eiectis
397 1542 558 1600 interaneis
586 1541 637 1600 diu
664 1549 785 1619 pugnet.
836 1541 977 1620 elephans
1005 1540 1212 1600 chamaeleone
1229 1553 1256 1592 15

197 1627 347 1688 concolori
362 1628 459 1688 frondi
474 1629 612 1689 devorato
632 1631 765 1690 occurrit
782 1629 911 1690 oleastro
925 1629 995 1689 huic
1013 1648 1127 1690 veneno
1147 1647 1211 1689 suo.

196 1718 260 1776 ursi
284 1735 352 1776 eum
376 1717 586 1796 mandragorae
612 1717 686 1777 mala
709 1726 878 1798 gustavere,
908 1720 1046 1778 formicas
1068 1717 1212 1778 lambunt.

196 1822 302 1864 cervus
325 1804 419 1890 herba
444 1807 544 1866 cinare
567 1809 719 1867 venenatis
742 1807 858 1885 pabulis
881 1808 1002 1866 resistit.
1048 1806 1212 1886 palumbes,

196 1893 322 1973 graculi,
354 1893 499 1975 merulae,
530 1895 667 1974 perdices
695 1895 770 1955 lauri
798 1895 867 1956 folio
901 1913 1032 1956 annuum
1059 1895 1211 1956 fastidium

195 1990 336 2063 purgant,
366 1982 533 2064 columbae,
557 1992 696 2044 turtures
720 1992 749 2043 et
772 1984 924 2063 gallinacei
946 1984 1038 2045 herba
1061 2002 1136 2062 quae
1160 2002 1209 2043 vo·
1226 1997 1255 2035 20

196 2079 279 2130 catur
302 2071 437 2152 helxine,
453 2080 574 2153 anates,
598 2091 719 2132 anseres
743 2081 919 2151 ceteraeque
943 2075 1094 2151 aquaticae
1117 2071 1210 2132 herba

195 2159 330 2240 siderite,
362 2179 453 2239 grues
481 2169 511 2221 et
539 2160 650 2221 similes
679 2163 768 2222 iunco
796 2162 929 2241 palustri.
976 2179 1082 2222 corvus
1110 2163 1209 2221 occiso

195 2248 415 2330 chamaeleone,
439 2252 490 2328 qui
514 2253 602 2309 etiam
625 2251 730 2310 victori
752 2268 807 2311 suo
830 2257 931 2330 nocet,
958 2249 1042 2310 lauro
1065 2252 1209 2310 iniectum

194 2339 275 2397 virus
299 2339 467 2415 exstinguit.

141 2433 191 2482 102
224 2469 229 2480 .
263 2419 321 2487 28.
355 2420 428 2508 (42)
474 2426 551 2486 Milia
574 2434 742 2507 praeterea,
770 2434 873 2506 utpote
897 2446 965 2488 cum
987 2427 1123 2506 plurimis
1147 2428 1207 2486 ani·
1223 2439 1252 2479 2⁵

170 2549 172 2554 ,
194 2512 319 2573 malibus
347 2515 449 2575 eadem
475 2523 579 2575 natura
603 2533 705 2576 rerum
733 2515 807 2594 caeli
829 2533 947 2595 quoque
971 2515 1208 2576 observationem

263 2774 456 2828 badula-icant
474 2774 518 2828 12².
545 2773 618 2828 affri-
637 2775 681 2828 Iti.
750 2775 935 2843 tperfricata
952 2775 1019 2829 Dal.
1042 2777 1097 2828 -ios
1116 2775 1143 2828 ll.

192 2849 208 2897 8
232 2861 315 2899 carne
338 2846 404 2899 Dal.
433 2862 493 2899 -ues
512 2845 584 2899 ΒΨ.
612 2862 709 2901 cornea
725 2851 756 2899 R.
784 2861 830 2900 -no
849 2846 886 2904 αἱ,
914 2862 979 2900 -nca
997 2850 1022 2898 d.
1050 2861 1119 2900 cone
1137 2843 1204 2897 121¹.

203 2915 1205 3044 artarenturututentataverunt³1·

193 3065 225 3111 13
244 3058 393 3114 iaculando
413 3059 485 3129 (dos
503 3060 570 3127 122¹)
590 3075 624 3112 ea
641 3059 816 3129 potandoque
834 3058 896 3112 Μ’
913 3060 945 3113 in
962 3075 1017 3113 roa.
1036 3057 1142 3112 a'Rob.

193 3134 226 3182 14
249 3129 362 3184 deficiat
383 3131 459 3185 codd.
481 3130 538 3184 eet.
571 3130 624 3200 -igi
646 3129 787 3186 FlaiRob.
819 3130 909 3185 -ciunt
930 3146 954 3184 r.
984 3132 988 3199 Ι
1018 3129 1088 3183 adeo
1112 3129 1204 3183 lentae

189 3199 298 3254 aenou.
322 3201 362 3254 -io
381 3201 418 3254 2².
436 3202 467 3254 ut
479 3201 520 3254 ΕΙ.
545 3200 693 3255 adolentur
711 3204 734 3254 d.
759 3201 920 3257 adsolenter
937 3217 961 3255 r.
997 3206 1051 3255 -16
1069 3199 1161 3254 frondi
1179 3203 1202 3253 d

190 3270 237 3324 -de
255 3289 277 3326 r.
365 3277 398 3325 17
421 3271 499 3325 matu
517 3276 569 3326 Μ,
598 3271 640 3325 -lu
657 3272 726 3325 ΜΗ.
756 3273 807 3342 (la
826 3273 908 3327 etium
926 3270 1013 3327 Solito.
1032 3275 1080 3337 26,
1094 3271 1132 3339 8).
1305 3339 1306 3346 ἵ

191 3346 224 3393 19
247 3341 374 3409 perdices
392 3343 459 3397 Dal.
483 3343 542 3397 coll.
565 3345 657 3395 XXII
669 3348 703 3397 41
722 3348 787 3412 poet
804 3346 926 3414 purgant
944 3343 1092 3410 trampont
1108 3341 1202 3396 voluit.
1305 3355 1306 3358 ’

261 3418 295 3464 20
314 3414 435 3467 turtures
453 3412 556 3468 Robur.
585 3415 658 3468 botes
677 3419 707 3468 a.
735 3415 803 3469 totis
821 3431 844 3469 r.
918 3421 950 3468 21
970 3413 1082 3468 helxine
1100 3411 1202 3466 Robo.

188 3479 261 3535 -sine
280 3482 307 3535 ll.
388 3489 422 3536 22
446 3484 528 3538 iunco
550 3484 670 3553 palustri
691 3485 833 3540 veneo.
866 3487 895 3540 et
910 3485 1001 3540 lustro
1020 3489 1043 3538 d.
1071 3484 1202 3538 lustror.

210 3618 215 3630 ι
260 3557 294 3604 23
310 3569 359 3606 suo
372 3555 442 3609 Rob.
461 3570 511 3610 om.
525 3573 569 3610 ro.
589 3555 638 3622 cfr.
653 3555 741 3611 Solio.
756 3560 801 3624 40,
810 3561 856 3613 24.
883 3557 999 3625 fortasse
1012 3555 1098 3610 etiam
1111 3554 1202 3610 rictus

188 3621 289 3675 melori
308 3639 366 3676 suo.
395 3625 400 3692 l
429 3624 562 3679 infestum
579 3625 648 3681 Rob.
