2610 3960
240 162 307 228 294
592 162 621 218 C.
639 161 738 218 PLINI
758 159 917 222 SECUNDI

239 313 385 376 derosius
411 310 490 392 qnod
508 312 540 372 in
559 309 665 372 arbore
678 310 775 372 haesit
789 310 869 372 terro
884 309 1063 390 depectitur,
1082 309 1151 372 ideo
1171 313 1269 384 corti,

186 409 220 459 te
240 419 352 466 coeunt
398 400 474 463 silva
497 401 590 464 divisa
617 403 708 464 certis
734 399 932 481 portionIhus.
953 407 1057 463 mutua
1086 401 1259 462 innocentia

128 511 139 530 ·
239 497 304 554 tuta
334 497 392 572 est3
425 508 512 552 nemo
543 492 658 555 saucias
688 490 810 551 arbores
843 489 987 569 custodit,
1020 506 1116 559 nanto
1140 489 1258 550 iuretur

239 579 333 641 alteri.
384 587 421 640 at·
440 577 593 644 Hercules·
612 579 819 659 Alexandriae,
849 578 901 642 ubi
929 586 998 639 tura
1027 577 1258 658 interpolantur,

239 668 320 730 nulla
343 670 422 732 satis.
439 668 570 730 custodit
591 667 744 748 dulgentia
767 668 909 730 oliiciaas
954 665 1115 747 subligaria
1140 669 1281 746 signant

239 767 289 823 tur
308 759 415 840 opifici,
438 757 703 838 personandclitur
726 759 816 838 capiti
834 756 983 818 densusve
1005 754 1162 836 reticulos,
1185 757 1259 817 nudi

240 849 426 912 amittuntur
464 855 546 916 tauto
565 849 667 912 minus
682 845 752 909 fidei
770 844 848 926 apud
868 863 923 907 nos
945 863 1043 925 poena
1065 863 1156 924 mam
1179 846 1258 925 opud

187 944 220 994 60
239 937 416 1006 illas-silvae
433 936 551 998 hahent.
589 944 731 1004 autumno
751 933 860 1014 legitur
878 933 915 994 ab
934 936 1045 996 aestivo
1068 941 1166 1014 partu.
1201 935 1258 995 hoc

237 1028 446 1107 purissimum,
477 1025 644 1090 candidum
689 1023 820 1086 secunda
841 1022 1004 1086 uindemio·
1025 1032 1073 1084 est
1102 1042 1188 1104 vere,
1223 1025 1258 1084 ad

239 1134 305 1178 eam
327 1115 425 1178 hieme
450 1114 618 1178 corticibus
635 1115 747 1180 incisis.
791 1113 894 1176 ratum
917 1112 974 1172 hoc
998 1114 1071 1193 enit,
1096 1131 1153 1174 nec
1176 1127 1293 1174 conr-1⁰

238 1204 404 1285 parendum
432 1206 535 1284 priori.
581 1203 654 1268 illud
684 1203 871 1284 antiathum,
903 1201 961 1262 hoc
990 1201 1178 1270 dathiathum
1209 1221 1256 1262 vo-

239 1302 314 1358 cunt.
368 1293 501 1355 creditur
531 1302 562 1355 et
591 1293 721 1354 novellae
753 1291 868 1353 arboris
899 1291 1053 1355 candidius
1088 1310 1171 1373 esse,
1206 1292 1257 1352 sed

238 1385 348 1444 veteris
378 1384 539 1444 odoratius.
593 1381 713 1461 quidam
743 1389 773 1442 et
801 1383 833 1442 in
867 1380 975 1446 insulis
1008 1380 1121 1449 melias·
1151 1388 1257 1460 putant

188 1478 219 1528 61
241 1475 334 1554 gigni,
363 1471 447 1533 Iuba
469 1473 501 1533 in
524 1470 636 1534 insulis.
653 1479 742 1550 nogat
764 1473 853 1535 nasci
900 1469 979 1549 quod
1003 1488 1039 1530 ex
1063 1489 1099 1531 eo
1121 1470 1255 1532 rotundi·

238 1570 299 1623 tate
327 1567 428 1640 guttae
457 1561 600 1641 pependit
627 1560 793 1624 menium
820 1577 973 1640 vocamur,
1001 1577 1071 1622 curn
1098 1559 1174 1622 alias
1198 1571 1290 1620 nou15

239 1651 301 1712 iere
326 1667 395 1710 mas.
411 1658 536 1713 vocetur
560 1649 612 1713 uhi
634 1668 695 1712 non
719 1651 765 1710 sit:
781 1649 900 1713 famina
945 1647 1081 1726 religioni
1108 1647 1257 1709 tnhrrtrrm

239 1757 277 1800 ne
308 1757 396 1800 sexus
427 1738 504 1801 alter.
532 1747 738 1819 arsurparetur.
789 1736 955 1800 masculum
984 1737 1075 1816 aliqui
1104 1744 1213 1817 putant
1241 1755 1257 1796 a

239 1828 338 1908 specie
363 1828 485 1889 testium
508 1828 629 1890 dicttrno
667 1829 827 1907 praecipua
851 1834 950 1888 autern
973 1827 1256 1905 gratiamammoso,

139 1915 141 1918 ’
239 1935 309 1978 cum
336 1917 478 1978 haerente
507 1917 629 1978 lacrima
657 1919 760 1996 priore
789 1922 951 1976 consecuta
980 1914 1035 1974 alia
1065 1917 1185 1978 miscuit
1216 1933 1256 1976 se.

239 2005 354 2085 singula
376 2005 450 2068 haee
479 2025 601 2068 manum
627 2005 752 2086 Inplere·
771 2005 858 2070 solita
884 2006 1016 2084 inuenio,
1044 2021 1114 2070 eum
1141 2005 1256 2067 merore
1269 2017 1290 2056 re

185 2101 218 2151 62
239 2095 406 2175 deripiendi
428 2096 569 2163 ariditate
589 2095 700 2159 lentius
723 2097 812 2159 nasci
823 2093 936 2160 liceret
973 2089 1087 2157 Graeci:
1102 2096 1256 2173 stagonian

238 2193 269 2246 et
292 2193 424 2248 atomum
446 2185 498 2246 tali
521 2185 610 2248 modo
632 2184 793 2267 appellaret,
822 2185 971 2247 aucorem
997 2189 1098 2248 autera
1124 2181 1255 2244 archien.

237 2275 330 2336 micas
349 2292 498 2337 concussu
517 2275 607 2336 elisas
623 2269 762 2338 munem
780 2291 929 2337 vocamus.
971 2273 1135 2338 etiamnum
1157 2280 1255 2334 tamen

237 2365 431 2425 inveniuntur
461 2371 563 2442 guttae
593 2382 667 2444 qrrae
698 2365 817 2426 tertiam
846 2369 966 2442 partem:
992 2379 1093 2442 mane,
1123 2361 1182 2422 hoc
1213 2369 1256 2422 est

237 2466 354 2513 xxv111
384 2452 586 2515 donariorum,
604 2453 736 2534 pondu,
765 2458 902 2530 aequent.
955 2449 1121 2522 Alexandro
1151 2449 1254 2530 Magno
1269 2464 1289 2502 a

237 2544 269 2601 in
292 2543 432 2620 pueritia,
446 2543 512 2603 sine
533 2545 713 2622 parsimonia
736 2550 804 2604 tura
823 2541 972 2619 ingerenti
991 2538 1256 2619 arispaedagogus

238 2629 393 2694 Leonides
407 2630 535 2713 dixerat,
562 2640 604 2694 nt.
623 2631 673 2693 illo
701 2630 803 2710 modo,
830 2647 901 2690 com
928 2628 1095 2694 devicisset·
1116 2629 1256 2691 turiferas

237 2726 352 2802 gentes,
375 2719 565 2800 supplicaret.
611 2720 712 2782 atille
735 2717 859 2782 Arabiae
882 2719 996 2798 potitus
1019 2725 1087 2784 ture
1119 2724 1255 2782 onustum

182 2813 218 2862 63
237 2827 342 2870 navem
360 2811 442 2871 misit
460 2817 491 2870 et
509 2811 681 2873 exhortatus
700 2817 747 2871 est
764 2816 799 2870 ut
821 2807 902 2888 large
926 2807 999 2868 deos
1022 2805 1167 2872 adoraret
1207 2814 1255 2868 tas

309 3023 325 3072 3
345 3019 388 3071 est
405 3033 487 3072 nemo
506 3017 567 3072 cod.¹
578 3017 646 3072 Dal.
678 3018 722 3071 est
743 3032 833 3085 neque
852 3017 880 3072 n.
913 3017 962 3076 ests
977 3029 1068 3084 neque
1090 3013 1166 3081 ullus
1180 3065 1185 3073 ,
1197 3014 1254 3068 edd.

238 3092 301 3143 aete
315 3087 377 3145 Sttt
450 3087 651 3158 topificilt²c
679 3087 754 3158 opici
766 3105 789 3143 r.
863 3088 1060 3158 'lpoenallaa
1085 3101 1170 3156 poma
1182 3085 1254 3139 Detl.

231 3209 234 3214 .
309 3158 571 3227 Sebdcodsthiff.
600 3161 664 3214 etr.
693 3175 728 3213 ex
740 3157 973 3215 edctonteliural,
1046 3163 1080 3212 13
1100 3155 1253 3212 otiando.

238 3233 307 3285 ete.
378 3235 415 3284 18
431 3231 546 3286 testium
559 3247 584 3285 e.
612 3229 853 3300 torhthlgrotic
870 3234 905 3286 Ι.
934 3229 987 3286 -tia
1000 3230 1045 3284 est
1057 3245 1101 3283 ro.
1174 3232 1207 3282 19
1226 3243 1253 3280 se

237 3319 287 3357 orn.
306 3307 341 3358 Ι.
415 3307 450 3360 20
468 3301 579 3357 minore
589 3307 645 3357 lle.
668 3301 753 3372 inope
770 3317 793 3356 r.
871 3307 905 3356 21
925 3300 1082 3371 deripiendi
1094 3303 1176 3357 und.
1201 3299 1252 3355 dir·

237 3390 282 3430 ae.
313 3376 318 3442 1
348 3373 513 3444 theogoniae
529 3379 565 3428 Ι.
648 3379 681 3428 22
702 3372 819 3428 orobitin
835 3377 899 3430 11³„
930 3389 990 3428 -am
1008 3369 1251 3428 dheddeettffel.

238 3445 365 3501 mabam
383 3445 491 3500 aBurlr.
590 3450 627 3498 24
642 3445 757 3500 tertiam
774 3446 871 3500 nodo.
905 3445 1013 3500 certem
1030 3447 1066 3497 12
1091 3443 1096 3510 Ι
1120 3457 1202 3502 mnae
1219 3446 1251 3494 1

237 3517 330 3572 minae
344 3533 388 3571 re.
408 3517 459 3584 cfr.
472 3518 550 3570 XXI
554 3520 619 3571 185.
637 3517 759 3582 XXXV
763 3518 826 3570 107:
895 3519 929 3568 25
944 3513 1075 3573 XXVIIII
1088 3520 1119 3572 D,
1138 3511 1252 3568 XXXIII

239 3587 317 3643 Piae.
345 3605 384 3643 aa
401 3585 496 3641 reete?
563 3591 597 3642 28
617 3585 729 3640 arabice
747 3590 804 3640 Ie.
834 3585 874 3639 -ia
891 3602 936 3640 ra.
1009 3591 1042 3640 29
1062 3587 1139 3640 Μ.
1167 3584 1193 3640 ei
1210 3601 1251 3639 ro,

239 3657 243 3729 t
265 3661 308 3712 est
325 3668 360 3714 Η.
380 3674 430 3712 om.
449 3675 493 3712 re.
517 3660 521 3726 Ι
545 3653 675 3712 adoraret
693 3673 737 3712 aa.
766 3656 847 3712 odor·
865 3661 918 3712 nd.
947 3674 990 3714 or·
1008 3662 1043 3713 Ι.
