2636 3952
351 175 436 230 Nau.
454 176 547 232 uisu.
567 177 591 230 x
610 183 715 232 ae-ee
736 179 863 246 (ca-oo)
1052 178 1114 242 181

100 324 212 384 laceret
240 327 334 385 amnis
362 324 453 407 idem,
481 328 620 387 muniunt
646 345 751 408 opere,
778 326 990 407 incipientibus
1017 331 1117 388 vernis

101 411 206 474 diebus
233 413 318 492 palea
345 422 375 474 et
402 421 565 476 stramento
596 423 728 476 rostrum
757 418 822 476 eius
852 416 1019 497 firmantes
1047 435 1116 478 con·

99 504 224 562 tinuatis
246 519 302 581 per
324 502 458 564 triduum
485 503 624 564 noctibus
652 510 733 564 tanto
761 503 861 565 labore
889 513 923 572 ut
949 505 1058 566 multas
1086 507 1117 564 in

99 609 191 670 opere
222 593 316 651 emori
346 599 477 671 constet3
508 610 601 672 eaque
629 592 733 653 militia
760 591 911 653 ibiscum
938 612 1015 654 auno
1039 593 1117 654 redit

73 695 228 758 asemper.
280 681 404 741 tertium
432 689 479 740 est
509 699 612 742 earum
640 699 736 760 genus
867 689 1007 742 excavant
1036 683 1116 761 ripas
1136 690 1171 739 95

100 776 189 846 atque
209 763 303 836 ilain
326 776 408 829 terra
431 770 590 830 nidificant.
611 803 652 812 -—
677 763 805 851 (Harum
828 768 901 847 pulli
924 771 960 830 ad
984 771 1117 830 cinerem

100 856 231 918 ambusti
259 858 415 918 mortifero
445 858 576 919 faucium
605 858 681 919 malo
712 858 873 936 multisque
906 857 971 918 aliis
1003 857 1117 918 morbis

99 945 222 1006 humani
253 948 388 1025 corporis
418 940 607 1028 medentur.)
637 981 678 990 -
713 965 774 1007 non
804 947 917 1007 iaciunt
946 946 1000 1006 bae
1031 945 1118 1006 nidos

99 1037 288 1114 migrantque
311 1035 413 1095 multis
437 1035 544 1097 diebus
567 1042 649 1116 ante,
678 1038 703 1095 si
726 1035 862 1096 futurum
886 1043 987 1094 estut
1011 1043 1116 1094 auctus

60 1139 85 1176 10
99 1125 196 1183 amnis
221 1125 352 1202 attingat.

168 1205 243 1293 (50)
271 1211 305 1271 ln
328 1230 438 1291 genere
461 1215 672 1292 vitiparrarum
695 1221 742 1274 est
765 1215 814 1273 cui
837 1212 925 1272 nidus
950 1229 986 1272 ex
1013 1229 1116 1271 musco
1137 1219 1172 1270 96

100 1301 184 1360 arido
214 1301 255 1360 ita
285 1299 420 1361 absoluta
448 1302 603 1379 perficitur
634 1301 693 1379 pila
721 1309 756 1362 ut
782 1302 909 1361 inveniri
937 1319 997 1360 non
1024 1302 1120 1379 possit

100 1389 208 1449 aditus.
235 1389 412 1467 acanthyllis
431 1388 595 1469 appellatur
613 1389 717 1450 eadem
729 1390 824 1468 figura
844 1389 954 1450 exbno
972 1391 1135 1450 intexens:

99 1480 238 1556 picorum
262 1477 367 1557 aliquis
387 1478 580 1557 suspenditur
599 1479 719 1539 surculo
738 1479 843 1557 primis
861 1480 893 1537 in
910 1479 1001 1538 ramis
1020 1477 1119 1556 cyathi

61 1583 86 1622 15
101 1565 199 1647 modo,
223 1572 257 1626 ut
276 1565 355 1626 nulla
374 1567 534 1646 quadripes
552 1569 647 1646 possit
665 1567 817 1628 accedere.
845 1567 978 1649 galgulos
997 1566 1119 1644 quidem

100 1657 183 1737 ipsos
202 1654 404 1734 dependentes
421 1653 548 1734 pedibus
567 1675 704 1716 somnum
723 1673 829 1736 capere
848 1656 1033 1734 confirmant,
1052 1657 1120 1733 quia

101 1745 229 1803 tutiores
252 1746 293 1804 ita
311 1762 342 1803 se
363 1752 492 1822 sperant.
529 1746 586 1804 iam
604 1744 758 1824 publicum
783 1745 902 1822 quidem
921 1745 1056 1804 omnium
1074 1751 1120 1804 est
1138 1753 1172 1804 91

103 1829 233 1892 tabulata
256 1850 407 1893 ramorum
430 1833 606 1893 sustinendo
630 1834 700 1894 nido
722 1830 844 1912 provide
873 1832 998 1912 eligere,
1025 1851 1119 1894 cama-

102 1938 170 1980 rare
201 1919 237 1980 ab
267 1920 369 2002 imbri,
399 1929 450 1981 aut
480 1921 585 1981 ironde
615 1929 773 2000 protegere
804 1921 903 1982 densa.
954 1923 986 1980 in
1013 1920 1120 1980 Arabia

61 2026 89 2064 ao
103 2009 308 2088 cinnamolgus
344 2011 404 2069 avis
433 2009 605 2088 appellatur.
657 2011 786 2070 cinnami
818 2008 947 2069 surculis
979 2009 1118 2068 nidificat.

99 2095 262 2177 plumbatis
290 2116 342 2158 ecs
370 2100 484 2176 sagittis
513 2098 669 2158 decutiunt
695 2098 851 2176 indigenae
879 2098 987 2156 mercis
1017 2099 1119 2174 gratia.

99 2189 132 2246 in
157 2185 276 2264 Scythis
299 2188 361 2246 avis
384 2187 585 2265 magnitudine
610 2185 699 2246 otidis
721 2185 808 2246 binos
831 2187 910 2264 parit
932 2186 964 2244 in
986 2185 1120 2263 leporina

100 2273 179 2354 pelle
210 2293 329 2353 semper
358 2277 390 2336 in
420 2275 624 2336 cacuminibus
653 2293 805 2335 ramorum
836 2291 988 2352 suspensa.
1035 2275 1118 2352 picae
1138 2287 1173 2336 98

101 2382 171 2425 cum
204 2361 376 2442 diligentius
407 2366 503 2424 visum
536 2363 572 2423 ab
604 2364 723 2424 bomine
756 2363 859 2423 nidum
892 2380 1028 2443 sensere,
1066 2381 1120 2422 ova

60 2471 86 2510 ae
100 2459 297 2530 transgerunt
324 2451 389 2513 alio.
434 2453 490 2513 boc
518 2455 548 2512 in
579 2453 626 2513 bis
655 2452 758 2513 avibus
788 2470 915 2530 quarum
944 2451 1029 2530 digiti
1059 2469 1119 2511 non

101 2544 163 2601 sint
181 2541 395 2601 accommodati
414 2540 646 2620 complectendis
665 2539 940 2618 transferendisque
960 2542 1023 2602 ovis
1041 2541 1118 2600 miro

94 2629 232 2694 ,traditur
255 2628 352 2690 modo.
398 2647 525 2707 namque
550 2628 670 2689 surculo
694 2647 786 2708 super
809 2628 879 2688 bina
906 2646 960 2688 ova
987 2630 1117 2707 inposito

175 2876 191 2924 5
215 2872 344 2924 lacunam
367 2886 414 2940 eqo
431 2871 563 2925 indicavi.
600 2872 707 2925 interiit
724 2871 845 2925 amicis
863 2868 1031 2940 ripariarum
1048 2886 1120 2924 aten-

101 2943 155 2996 tio:
182 2941 233 3009 cfr.
252 2941 336 2994 iodea
360 2941 432 2996 libri.
470 2946 584 2996 meram
603 2946 676 2996 totus
694 2943 768 2996 locus
785 2942 893 2995 uidetur
911 2941 1040 2995 turbatus
1058 2956 1119 2994 esse.

174 3019 191 3068 6
209 3011 239 3064 in
256 3013 333 3066 terra
350 3011 497 3066 nidificant
514 3017 541 3065 1.
566 3011 699 3066 internid-
718 3029 741 3066 r.
767 3012 771 3083 Ι
793 3027 878 3066 urceos
896 3027 943 3080 epo
956 3012 1049 3080 poeta.
1077 3027 1119 3066 oo.

101 3082 426 3137 harum—medentum
442 3082 540 3137 Plinio
551 3084 675 3154 margini
689 3084 831 3151 adscripto
846 3087 915 3150 puto
934 3087 959 3136 et
976 3083 1047 3149 falso
1062 3083 1120 3136 loco

98 3159 196 3223 postea
217 3155 329 3208 inserta.
366 3154 508 3222 desunqata
530 3155 658 3208 videntur
680 3170 694 3207 e
717 3152 792 3208 Oelso
811 3156 859 3205 IV
868 3157 929 3219 4,1.
962 3153 1012 3219 cfr.
1036 3154 1120 3206 etiam

104 3227 197 3278 XXX
204 3229 248 3279 33.
311 3229 345 3278 10
360 3223 483 3294 attingat
495 3224 593 3278 risle.
613 3225 675 3280 -ant
687 3241 710 3278 r.
767 3231 798 3277 11
815 3223 1013 3293 vitipaararum
1025 3223 1117 3277 Hand.

100 3299 160 3351 -tae
183 3293 247 3365 par-
266 3314 289 3348 a.
322 3311 473 3364 paruarum
490 3295 533 3349 Ρ.
569 3295 645 3349 uitae
667 3311 750 3365 paru-
768 3312 791 3349 r.
892 3300 925 3347 13
949 3293 1119 3362 acanthyllis

99 3367 190 3422 Barla
210 3368 268 3421 coll.
283 3365 371 3420 Arist.
386 3367 411 3420 la.
426 3383 452 3420 o.
467 3368 514 3418 IX
525 3371 562 3420 13
579 3383 606 3434 p.
617 3371 672 3420 616
681 3365 719 3432 A,
733 3369 759 3420 5.
792 3365 917 3435 agatillis
936 3365 1001 3433 (—th·
1017 3367 1044 3433 t)
1063 3365 1090 3417 ll.
1111 3363 1115 3434 Ι

99 3441 200 3493 texens
214 3438 252 3490 αἱ.
272 3438 365 3491 exlex-
379 3442 408 3490 Ε.
482 3443 517 3490 14
535 3437 783 3490 ruminaturus.
798 3441 821 3490 d.
896 3440 929 3488 15
949 3434 1079 3504 galgulos
1092 3450 1118 3486 c.

100 3527 191 3580 gaug*
210 3509 238 3562 ll.
312 3513 346 3562 20
366 3507 548 3578 cynamolgus
567 3511 638 3562 Fati.
658 3507 869 3576 cinnamologos
888 3506 955 3560 Dal.
983 3504 1118 3568 κιννάμω-

100 3597 154 3648 μον
173 3584 273 3634 vocaut
285 3579 373 3634 Arist.
388 3581 405 3633 l.
420 3581 437 3634 l.
452 3578 588 3634 Aelianus
601 3580 684 3632 1134.
713 3580 802 3630 XVII
807 3583 853 3632 21.
877 3576 1034 3644 Antigonus
1054 3572 1116 3626 Gor.

99 3656 184 3708 149.
213 3650 263 3716 cfr.
278 3650 434 3706 Herodotus
451 3652 566 3705 lII11l.
