2606 3952
199 105 266 170 344
547 104 576 158 C.
594 104 694 170 PLINJ
713 101 870 158 SECUNDI

199 272 291 316 verno
320 255 521 334 aequinoctio,
549 271 619 312 cum
645 252 754 312 florere
782 251 883 333 desiit,
918 251 964 312 vel
990 254 1078 332 pueri
1107 271 1224 314 anusve

147 352 198 401 133
209 343 350 404 vilissima
373 361 471 422 opera.
518 360 609 402 cauus
637 349 774 422 aspectu,
800 340 991 420 breviterque
1020 343 1046 402 si
1073 344 1142 421 quis
1172 361 1224 402 ex·
1284 411 1285 432 q

199 435 330 514 primere
355 431 579 492 similitudinem
602 431 685 510 velit,
708 431 892 509 angustioris
912 429 1006 497 trifoli
1028 431 1136 492 frutex.
1172 431 1224 492 da·
1284 435 1285 500 f

201 531 251 583 tur
280 520 456 582 animalibus
487 528 556 600 post
586 519 711 580 biduum
733 537 873 601 semper,
904 519 1002 580 hieme
1033 538 1106 580 vero
1139 520 1225 600 quod
1284 519 1285 596 i

201 613 312 672 inaruit
334 608 493 670 madidum.
539 610 647 669 satiant
669 627 763 687 equos
787 609 880 669 denae
908 607 1001 670 librae
1028 616 1060 670 et
1085 609 1122 670 ad
1151 624 1249 689 por-a

201 702 313 761 tionem
342 701 458 759 minora
488 696 639 780 animalia,
671 696 828 776 obiterque
858 699 938 764 inter
968 698 1089 759 ordines
1120 697 1224 779 alium,

148 797 299 868 134eepas
322 791 382 849 seri
405 786 503 848 fertile
527 794 582 848 est.
627 789 767 847 inventus
790 794 837 854 est
858 786 907 848 bie
931 787 1030 848 frutex
1052 789 1084 847 in
1104 786 1223 867 Cythno

200 877 310 958 insula,
339 877 409 937 inde
439 875 563 937 tralatus
592 877 624 935 in
655 893 759 936 omnes
783 872 938 956 cycladas,
968 893 1037 936 mox
1065 877 1098 936 in
1128 875 1225 937 urbes

201 966 339 1048 Graecas,
361 983 467 1044 magno
487 967 566 1025 casei
584 971 740 1044 proventu.
777 973 933 1044 praeterea
952 998 994 1007 —
1014 982 1073 1043 quo
1093 966 1224 1027 maxime

201 1059 295 1116 miror
314 1072 415 1115 rarum
435 1073 501 1114 esse
520 1052 654 1114 initalia
673 1086 715 1094 —
735 1071 795 1113 non
815 1061 962 1135 aestuum,
984 1072 1044 1114 non
1063 1054 1224 1136 frigorum,
1238 1069 1261 1108 1⁰

202 1163 262 1205 non
285 1143 462 1223 grandinum
485 1150 536 1203 aut
559 1145 636 1203 nivis
659 1143 798 1202 iniuriam
822 1144 999 1222 expavescit.
1041 1142 1133 1204 adicit
1155 1143 1225 1222 Hy·

202 1235 320 1313 ginus‚
343 1251 381 1294 nc
405 1234 536 1294 cossium
559 1231 693 1312 quidem,
716 1238 841 1311 propter
859 1232 970 1293 nullam
993 1233 1119 1311 gratiam
1140 1231 1227 1311 ligni.

151 1329 201 1379 136
271 1317 330 1384 25.
354 1314 428 1403 (48)
452 1319 622 1382 Nascuntur
641 1321 730 1381 etiam
748 1321 779 1379 iu
798 1322 874 1381 mari
890 1321 1016 1382 frutices
1038 1320 1228 1401 arboresque

204 1445 246 1454 -—
270 1412 401 1471 nrinores
423 1412 456 1469 in
478 1416 581 1470 nostro
605 1443 658 1491 —7
680 1407 818 1469 Rubrum
841 1411 921 1470 enim
944 1417 974 1470 et
992 1416 1073 1470 totus
1096 1411 1228 1471 orientis

204 1517 333 1560 oceanus
351 1499 482 1560 refertus
501 1506 547 1558 est
570 1497 659 1558 silvis.
696 1516 756 1558 non
779 1497 869 1558 babet
891 1498 991 1578 bngua
1010 1499 1094 1560 Latia
1113 1517 1229 1560 nomen
1241 1513 1262 1553 1⁵

182 1588 284 1668 «quod
304 1587 409 1648 Graeci
426 1595 533 1648 vocant
551 1586 673 1669 phycos,
698 1589 838 1665 quoniam
861 1587 925 1666 alga
948 1587 1110 1648 herbarum
1134 1591 1229 1649 maris

204 1676 381 1738 vocabulum
403 1675 602 1758 intellegitur,
628 1676 679 1736 bie
701 1683 801 1736 autem
829 1683 875 1736 est
903 1678 1011 1738 frutex.
1056 1676 1127 1737 folio
1156 1677 1230 1758 lato,

205 1766 304 1827 coiere
320 1764 416 1846 viridi,
435 1767 529 1844 gignit
544 1765 624 1844 quod
639 1765 759 1844 quidam
773 1783 887 1842 prason
900 1774 1016 1847 vocant,
1035 1765 1084 1826 alii
1097 1774 1230 1828 zostera.

152 1863 203 1912 136
214 1854 341 1916 alterum
358 1872 453 1934 genus
474 1854 607 1915 eiusdem
631 1853 782 1934 capillacio
806 1852 886 1935 folio,
910 1854 1005 1915 simile
1028 1854 1172 1936 feniculo,
1197 1858 1229 1916 in

206 1947 284 2005 saxis
303 1945 446 2024 nascitur,
465 1945 605 2022 superius
624 1945 655 2003 in
671 1943 755 2025 ¹vadis
769 1940 848 2003 baud
866 1943 972 2024 procui
990 1943 1088 2023 litore,
1107 1951 1227 2005 utrum-
1241 1959 1263 1998 ao

206 2051 264 2112 que
284 2050 384 2114 verno,
408 2040 439 2092 et
461 2034 565 2093 interit
588 2039 739 2094 autumno.
770 2033 850 2092 cirea
865 2031 981 2093 Cretam
1001 2032 1130 2093 insulam
1154 2042 1228 2094 uate

205 2125 237 2182 in
259 2124 353 2201 petris
375 2139 525 2200 purpuras
548 2139 668 2201 quoque
691 2121 840 2202 inficiunt,
868 2121 1070 2182 laudatissimo
1094 2140 1111 2181 a
1139 2131 1228 2201 parte

206 2210 361 2292 aquilonis,
384 2218 419 2271 ut
442 2211 589 2289 spongeis.
633 2211 754 2271 tertium
778 2218 825 2270 est
846 2212 973 2289 gramini
995 2209 1100 2292 simile,
1124 2211 1227 2272 radice

206 2290 372 2379 geniculata
396 2306 426 2359 et
449 2298 532 2359 caule
558 2298 684 2378 qualiter
708 2298 821 2358 calami.

153 2397 205 2444 137
274 2381 348 2470 (49)
372 2386 458 2448 Aliud
483 2405 577 2466 genus
601 2388 744 2448 fruticum
767 2386 862 2466 bryon
885 2395 1016 2468 vocatur,
1039 2387 1109 2448 folio
1133 2389 1226 2450 laetu·
1239 2401 1260 2442 2⁵

208 2495 269 2558 eae,
292 2478 448 2556 rugosiore
472 2484 601 2558 tantum,
624 2478 683 2536 iam
705 2475 762 2536 bec
785 2478 912 2536 interius
940 2491 1079 2558 nomem,
1106 2479 1140 2538 in
1168 2478 1227 2540 alto

281 2660 304 2719 1'
315 2664 399 2720 desiit
415 2664 607 2720 unaeouet.
632 2663 697 2718 -init
714 2666 869 2720 aequante
876 2664 1033 2720 GebHord.
1051 2667 1055 2733 f
1071 2681 1179 2721 musae
1192 2672 1227 2722 Ι

208 2753 278 2791 anus
301 2736 348 2790 uel
367 2754 389 2792 r.
426 2736 474 2790 uel
496 2752 565 2790 anus
583 2753 608 2790 o.
681 2735 975 2806 compartionem
992 2737 1227 2806 Edroodflbiffi

208 2806 367 2879 portionem
385 2823 408 2862 r.
438 2823 484 2862 -ne
502 2824 526 2862 o.
637 2814 651 2862 ”1
677 2823 761 2877 cepas
780 2809 891 2877 (coepes
909 2807 953 2865 12².
982 2808 1012 2861 et
1029 2823 1115 2877 caepe
1135 2809 1228 2878 dGei.)

209 2879 264 2934 seri
281 2878 433 2934 deei.
467 2894 611 2949 capessere
630 2896 653 2933 r.
680 2879 684 2946 Ι
710 2879 813 2948 cythno
831 2883 888 2932 lo.
918 2878 1012 2933 citano
1029 2895 1053 2932 r.
1136 2886 1228 2950 tique

207 2957 237 3005 lt,
270 2949 346 3018 quod
363 2954 419 3005 Er.
450 2951 567 3019 prepter
589 2949 666 3019 quod
683 2967 709 3003 a.
742 2950 793 3015 cfr.
807 2949 919 3006 Frisios
933 2967 963 3018 p.
978 2955 1023 3004 48.
1047 2951 1100 3005 tue.
1117 2967 1148 3020 p.
1163 2957 1227 3009 125.

170 3066 173 3074 .
288 3027 321 3075 12
339 3036 375 3076 nc
394 3021 515 3076 cossium
534 3037 589 3090 eqo.
621 3022 672 3088 cfr.
690 3023 782 3074 XVII
790 3026 858 3077 220.
886 3022 981 3089 primo
998 3022 1181 3090 depeream
1198 3026 1229 3078 in

209 3109 262 3147 nec
281 3091 393 3162 ostium,
407 3097 546 3161 postremo
563 3094 595 3146 in
612 3107 648 3146 ne
666 3091 792 3146 bostium
809 3097 885 3146 liro.
977 3097 1010 3146 13
1030 3087 1120 3146 etiam
1137 3099 1174 3150 1.
1201 3098 1230 3149 et

208 3181 253 3218 ro.
331 3168 363 3217 15
382 3163 539 3218 habetlie.
567 3165 628 3217 -ent
645 3180 669 3217 r.
685 3165 689 3232 l
706 3163 788 3217 Latia
805 3179 858 3234 epo.
888 3163 938 3230 cfr.
954 3166 1083 3220 V11117.
1107 3167 1228 3222 X1123.

209 3235 359 3290 affaire.
387 3235 462 3288 Itala.
479 3235 665 3289 conahatur.
757 3241 791 3290 16
810 3235 876 3304 alga
894 3240 950 3288 lo.
983 3234 1072 3304 balga
1089 3235 1134 3290 N.
1163 3237 1230 3294 habt
1284 3217 1285 3302 i

208 3305 252 3360 12¹.
280 3305 396 3360 bailaa.
424 3305 503 3360 hiala
517 3310 541 3359 ᾱ.
565 3307 569 3374 Ι
591 3305 726 3360 marial.
755 3306 845 3378 magis
859 3323 903 3361 ro.
977 3310 1010 3360 18
1029 3323 1068 3360 on
1081 3306 1229 3377 gignitur?
1284 3307 1285 3354 i

211 3377 215 3448 Ι
231 3393 333 3445 prason
346 3377 462 3432 Barba
477 3377 608 3445 Tbeopbr.
622 3377 647 3430 b.
657 3378 699 3446 pi.
709 3379 826 3445 1V6‚2.
849 3393 952 3448 gnoson
969 3378 1062 3432 Hadri.
1071 3379 1229 3435 unteBorb.
1284 3361 1285 3420 f

209 3463 327 3514 grasson
344 3463 368 3501 r.
446 3452 481 3502 20
499 3448 529 3501 in
547 3448 627 3503 uadis
645 3451 722 3504 lieet.
735 3447 811 3504 Vere.
840 3449 895 3504 -dit
911 3450 994 3504 redd.
1004 3454 1099 3508 ortt..
1145 3456 1181 3506 23
1199 3454 1231 3506 ut
1284 3459 1285 3508 f

209 3516 322 3574 rrPtat.
355 3519 405 3571 aut
422 3519 780 3575 redd.unteBarb.Hord.
814 3522 864 3574 aut
882 3537 946 3575 cum
963 3521 1051 3576 Barb.
1147 3529 1184 3578 26
1202 3524 1229 3576 in
1284 3519 1285 3594 i

209 3587 286 3640 terra
303 3586 391 3644 Barb.
406 3604 420 3643 e
435 3589 569 3659 Tbeopbr.
584 3591 601 3644 i.
617 3591 634 3646 i.
649 3590 670 3662 ἕ
685 3597 703 3646 6
718 3593 723 3660 Ι
740 3591 830 3646 altum
848 3597 883 3646 Ι.
912 3609 951 3648 an
968 3591 998 3646 in
1015 3589 1112 3646 vado?
