2624 3954
153 145 219 210 300
510 144 538 198 Ο.
557 143 657 198 PLlNI
677 141 835 198 sncnnni

101 305 133 354 ‘19
155 295 315 356 Scanchro.
357 287 431 376 (40)
454 300 561 373 petunt
584 301 614 354 et
636 294 668 353 in
688 292 848 354 Carmanos
872 290 1010 352 arborem
1034 290 1172 351 stobrum

154 385 189 444 ad
209 383 336 464 suffitus,
354 383 506 462 perfusam
524 385 592 442 vino
611 381 727 461 palmeo
746 381 951 442 accendentes,
987 380 1077 440 buius
1096 380 1172 440 odor

153 472 231 533 redit
254 491 271 532 a
294 473 419 533 camaris
442 471 479 532 ad
502 471 607 554 solnm,
630 470 779 532 iucundus
803 471 856 531 sed
879 470 1041 548 adgravans
1065 470 1172 550 capita,

101 569 135 619 80
154 564 229 622 citra
253 561 386 622 dolorem
408 570 516 621 tamen.
557 560 615 620 boc
639 577 777 620 somnum
800 560 897 638 aegris
921 565 1077 638 quaerunt.
1123 557 1172 617 bis

154 652 341 711 commerciis
357 648 456 710 ¹Carra
487 649 630 729 oppidum
658 665 817 730 aperuere,
845 647 924 727 quod
952 655 999 708 est
1025 646 1067 707 ibi
1094 660 1205 707 nun-⁵

153 740 310 801 dinarium.
361 739 430 799 inde
462 736 592 799 Gabbam
621 753 725 798 omnes
754 745 858 816 petere
889 735 1024 797 solebant
1053 737 1172 797 dierum

152 830 257 908 viginti
286 829 394 888 itinere
425 835 456 888 et
482 827 669 888 Palaestinen
699 826 822 906 Syriam.
874 833 978 905 postea
1009 824 1173 885 Characem

153 919 215 996 peti
233 924 374 996 coeptum
397 933 431 976 ac
454 934 546 995 regna
563 915 743 976 Parthorum
767 934 803 975 ex
827 932 861 974 ea
885 933 974 975 causa
997 921 1102 974 auctor
1125 921 1173 974 est

155 1004 248 1066 luba.
285 1005 358 1066 mibi
382 1005 418 1064 ad
436 1004 544 1066 Persas
568 1007 657 1064 etiarn
679 1005 764 1084 prius
787 1007 844 1064 ista
867 1011 1003 1083 portasse
1027 1021 1116 1081 quam
1138 1005 1172 1062 in

155 1093 269 1174 Syriam
288 1100 339 1155 aut
358 1093 524 1173 Aegyptum
542 1093 681 1153 videntur
699 1091 880 1153 Herodoto
900 1099 990 1174 teste,
1010 1094 1061 1170 qui
1080 1091 1174 1152 tradit
1187 1105 1219 1145 ιο

153 1182 269 1262 singula
292 1182 373 1242 milia
395 1182 541 1243 talentum
564 1201 661 1242 annua
689 1184 766 1242 turis
794 1183 960 1261 pensitasse
984 1178 1096 1240 Arabas
1124 1197 1173 1240 re·

100 1279 134 1329 81
153 1270 240 1350 gibus
263 1270 438 1332 Persarum·
478 1289 514 1332 ex
538 1270 622 1351 Syria
645 1269 791 1331 revehunt
813 1277 972 1351 styracem,
996 1271 1056 1329 aori
1080 1269 1173 1329 odore

154 1363 218 1420 eius
242 1362 274 1420 in
293 1360 367 1420 iocis
391 1359 544 1439 abigentes
568 1377 692 1421 suorum
710 1359 871 1420 fastidium.
908 1366 1009 1419 cetero
1033 1357 1175 1418 nonalia

154 1457 224 1509 sunt
246 1449 319 1528 ligni
342 1466 451 1528 genera
474 1451 506 1508 in
534 1467 591 1509 usu
622 1466 710 1526 quam
738 1448 872 1530 odorata,
900 1446 1042 1526 cibosque
1067 1445 1174 1508 Sabaei

155 1545 289 1616 coquunt
311 1539 387 1597 turis
409 1537 504 1618 ligno,
532 1537 581 1598 alii
609 1554 742 1619 murrae,
771 1537 949 1617 oppidorum
976 1538 1173 1614 vicorumque
1189 1549 1218 1590 1⁵
1297 1566 1298 1571 κ

34 1621 37 1628 “
154 1644 214 1686 non
238 1625 294 1686 alio
315 1642 404 1704 quam
427 1643 463 1686 ex
487 1628 546 1686 aris
569 1626 652 1686 fumo
675 1632 764 1705 atque
788 1626 901 1686 nidore.
938 1624 974 1685 ad
997 1624 1078 1685 hunc
1101 1642 1176 1703 ergo
1297 1620 1298 1631 ³

154 1714 319 1775 sanandum
342 1720 490 1794 styracem
512 1716 544 1774 in
567 1713 688 1774 follibus
710 1722 817 1794 petunt
839 1715 964 1775 hircinis
989 1714 1175 1792 suffiuntque

153 1811 240 1862 tecta.
277 1803 350 1863 adeo
374 1803 455 1863 nulla
478 1811 524 1864 est
547 1795 682 1882 voluptas
707 1821 781 1882 quae
806 1822 866 1863 non
891 1802 1067 1863 adsiduitate
1092 1801 1174 1862 iasti-

153 1892 236 1952 dium
257 1893 361 1970 pariat.
408 1892 537 1953 eundem
560 1900 589 1952 et
613 1893 649 1952 ad
674 1900 829 1972 serpentes
853 1891 997 1970 fugandas
1020 1898 1113 1952 urunt
1141 1894 1175 1951 in

154 1980 311 2040 odoriferis
336 1981 416 2041 silvis
440 1981 705 2060 frequentissimas.
927 2027 930 2034 .
1189 1993 1218 2035 ro

101 2077 135 2128 82
226 2062 283 2131 18.
308 2063 382 2153 (41)
406 2069 474 2130 Non
492 2077 562 2130 sunt
585 2087 690 2130 eorum
714 2071 934 2130 cinnamomum
957 2076 1008 2129 aut
1032 2070 1119 2149 casia,
1143 2077 1175 2129 et

154 2166 253 2219 tamen
276 2157 347 2218 felix
371 2158 535 2238 appellatur
558 2157 678 2239 Arabia,
706 2158 771 2218 ialsi
794 2166 825 2218 et
847 2160 956 2238 ingrati
979 2159 1175 2240 cognominis,

154 2264 229 2324 quae
254 2246 310 2306 boc
335 2255 491 2327 acceptum
514 2249 632 2328 superis
655 2248 740 2328 serat,
765 2265 834 2308 oum
855 2247 923 2326 plus
947 2266 983 2307 er
1007 2265 1043 2307 eo
1066 2247 1174 2307 inieris

153 2334 268 2397 debeat.
297 2334 413 2398 beatam
426 2335 506 2396 illam
522 2337 593 2396 iecit
606 2335 761 2396 bominum
781 2337 870 2397 etiam
887 2337 919 2396 in
938 2343 1034 2397 morte
1053 2335 1174 2396 luxuria

100 2431 134 2480 83
154 2441 229 2502 quae
254 2424 299 2483 dis
322 2424 532 2485 intellexerant
554 2427 654 2503 genita
677 2427 862 2486 inurentium
886 2425 1043 2486 defunctis.
1079 2426 1219 2505 peritias

153 2530 256 2572 rernm
279 2511 455 2574 adseverant
477 2531 539 2574 non
562 2513 641 2574 ierre
670 2521 785 2575 tantum
809 2531 907 2574 annuo
935 2515 999 2574 fetu
1028 2521 1173 2592 quantum

153 2599 233 2661 Nero
255 2603 396 2680 princeps
419 2604 581 2664 novissimo
598 2602 753 2682 Poppaeae
773 2621 843 2664 suae
862 2602 910 2663 die
930 2605 1174 2664 concremaverit.

154 2691 349 2750 aestimentur
378 2699 482 2771 postea
514 2699 577 2751 toto
610 2690 682 2750 orbe
716 2691 840 2770 singulis
873 2693 957 2751 annis
989 2699 1034 2752 tot
1066 2691 1174 2751 lunera

225 2921 239 2969 1
260 2915 395 2972 scanchro
414 2919 470 2968 Ed.
501 2915 631 2971 schantro
649 2917 760 2971 uacca.
772 2915 854 2984 cniff.
887 2916 1018 2972 scanthro
1037 2916 1096 2972 edd.
1111 2921 1173 2971 cett.

152 2987 242 3056 Zagro
257 2986 344 3042 Barla
360 2987 418 3042 coll.
434 2989 477 3038 VI
486 2991 548 3040 131.
622 2987 732 3042 3redib
747 2992 804 3043 lv.
836 2986 930 3042 reddit
946 3004 969 3042 r.
1047 2987 1124 3041 bibi
1135 2993 1173 3042 1.

152 3057 262 3111 iliilid.
290 3057 348 3113 illis
367 3075 413 3112 uo.
505 3061 666 3113 Sacxdo.
694 3059 796 3112 adila.
880 3064 914 3113 13
933 3057 1050 3113 feriali.
1139 3066 1173 3114 17

153 3131 291 3198 styracem
310 3129 340 3182 in
357 3128 472 3184 follibus
490 3131 592 3198 petunt
608 3134 643 3184 Ι.
674 3131 761 3184 urunt
777 3131 918 3198 styracem
935 3129 966 3184 in
987 3129 1108 3198 pellibus
1126 3147 1172 3187 ro.

233 3206 266 3255 22
285 3199 351 3254 falsi
370 3201 400 3255 et
417 3200 522 3270 ingrati
539 3200 712 3256 leodDoi.
744 3217 789 3255 -ss
807 3202 837 3254 et
854 3203 897 3255 -ta
914 3200 1048 3256 reddet.
1081 3217 1124 3256 -so
1143 3204 1175 3256 et

152 3272 187 3326 -ti
201 3272 260 3328 edd.
271 3275 335 3326 onte
345 3270 403 3326 oet.
476 3275 511 3325 24
526 3271 629 3326 debeat
641 3271 754 3327 beatam
767 3271 926 3327 raumara.
950 3273 1024 3326 tum
1037 3272 1096 3327 edd.
1107 3277 1174 3326 unm

151 3343 240 3398 Barb.
268 3341 371 3396 debeat
388 3343 447 3396 tam
466 3342 510 3396 12¹.
543 3342 691 3398 debentem
711 3348 757 3397 sd.
852 3342 1077 3398 itinerantium
1095 3341 1179 3398 issi&

151 3430 195 3465 ur-
214 3413 295 3468 astet.
325 3412 461 3468 adhibens
479 3412 592 3468 urendis
605 3430 629 3469 o.
704 3421 738 3470 26
757 3413 925 3470 adseuerant
937 3413 1044 3470 ndGel.
1072 3414 1172 3469 adsue-

151 3488 186 3536 1.
215 3483 388 3538 adsum-11¹.
417 3485 541 3538 astruxe-
560 3503 583 3539 a.
612 3489 724 3540 serunt
741 3485 801 3541 cdd.
816 3491 880 3540 ante
894 3485 952 3541 (iel.
1042 3491 1077 3541 27
1099 3503 1171 3555 pop-

151 3568 239 3618 paeae
254 3553 413 3610 dBudocus
426 3556 466 3609 ed.
476 3555 544 3610 Bas.
559 3558 591 3610 in
604 3573 690 3626 morp.
731 3573 843 3628 poppae
856 3563 887 3611 li.
910 3573 1023 3628 poppae
1038 3575 1062 3611 a.
1090 3573 1172 3626 pom-

152 3637 206 3686 pae
224 3623 320 3704 ledet
331 3624 462 3680 anteGel.
546 3631 579 3680 28
599 3644 638 3682 un
655 3627 823 3697 praeterea?
