2624 3954
193 103 259 169 250
536 105 565 163 c.
584 99 684 182 emur
703 105 861 162 securum

137 277 206 327 urse
217 264 314 342 saliva,
333 261 436 320 invitat
455 259 491 319 ad
510 258 630 318 rabiem.
668 257 704 318 de
723 277 925 340 purpurarum
943 260 1052 340 linguis
1071 258 1209 319 diuimus.

193 355 273 415 ranis
290 352 386 430 prima
405 347 553 429 cohaeret,
572 348 674 407 intima
693 347 861 410 ahsoluta‘a
880 357 1011 428 gutture,
1030 366 1087 427 qua
1106 365 1210 408 vocem

140 445 324 515 tramittunt
347 456 457 518 mares,
486 454 554 497 cnm
577 444 721 497 vocantur
748 436 925 517 ololygones
972 444 1049 497 stato
1077 436 1107 497 id
1135 444 1209 496 tem-

191 549 265 612 pore
290 529 401 606 evenit,
424 525 573 586 cientibus
596 525 632 585 ad
656 527 765 587 coitum
790 527 924 587 seminas.
970 535 1034 587 tum
1062 524 1209 604 siquidem

193 619 336 680 inferiore
355 615 438 676 labro
462 615 592 675 demisso
615 613 650 673 ad
673 613 883 676 libramentum
906 633 998 694 aquae
1023 615 1138 675 modice
1162 627 1236 672 ros

193 715 296 787 ceptae
324 707 356 766 in
386 705 487 764 lauces
519 702 680 782 palpitante
711 702 754 764 ibi
785 703 885 783 lingna
917 703 1047 765 ululatus
1070 695 1207 763 eliditur.

192 805 265 858 tnnc
289 802 319 854 et
342 795 455 854 extenti
477 791 640 870 buccarum
671 794 754 852 sinus
781 793 950 872 perlucent,
978 791 1058 852 oculi
1084 791 1209 870 flagrant

193 883 294 946 labore
313 877 457 962 perpulsi.
499 879 607 961 quibus
630 882 662 940 in
684 883 851 960 posteriore
874 889 958 961 parte
982 881 1086 962 aculei,
1108 879 1155 940 his
1178 887 1210 941 et

194 975 300 1036 dentes
323 978 354 1032 et
375 969 489 1050 lingua,
513 967 617 1047 apibus
641 971 730 1030 etiam
752 969 925 1050 praelonga,
953 972 1087 1030 eminens
1111 977 1140 1029 et
1168 969 1208 1029 ci-

194 1062 284 1123 cadis
331 1057 440 1138 quibus
469 1057 590 1118 aculeus
616 1059 648 1117 in
677 1077 729 1118 ore
758 1058 924 1140 fistulosus,
951 1058 999 1118 his
1026 1076 1081 1120 nee
1108 1057 1210 1136 lingna
1225 1074 1253 1114 ro

194 1169 249 1211 nec
273 1149 387 1210 dentes.
424 1146 602 1226 quibusdam
624 1149 747 1207 insectis
770 1149 852 1208 intus
874 1146 988 1228 lingua,
1011 1152 1045 1208 ut
1067 1146 1210 1206 lormiois.
1235 1155 1239 1164 ’

65 1309 67 1312 .
140 1248 192 1298 174
202 1247 337 1300 ceterum
355 1236 412 1296 lata
435 1234 591 1314 elephanto
614 1237 783 1316 praecipue.
819 1236 943 1316 reliquis
966 1237 998 1295 in
1021 1254 1075 1296 suo
1098 1252 1210 1314 genere

195 1344 313 1406 semper
332 1323 474 1406 absoluta,
496 1323 609 1383 homini
627 1330 744 1385 tantum
766 1327 806 1385 ita
830 1343 917 1404 saepe
941 1326 1103 1398 constricta
1125 1325 1210 1384 venis

192 1424 227 1477 nt
256 1413 396 1475 intercidi
426 1431 476 1472 eas
493 1429 630 1486 ¹necesse
661 1414 708 1474 sit.
753 1412 905 1474 Metellum
934 1414 1106 1492 pontificem
1135 1412 1210 1473 adeo

192 1503 396 1583 inexplanatae
420 1501 513 1562 luisse
537 1503 712 1582 accipimus,
740 1509 774 1562 ut
800 1501 902 1566 mutis
931 1500 1083 1563 mensibus
1110 1508 1210 1562 tortus
1226 1517 1253 1556 15

194 1593 346 1672 credatur,
374 1589 445 1650 dum
471 1589 632 1651 meditatur
654 1593 686 1651 in
714 1589 875 1652 dedicanda
902 1591 974 1651 aede
998 1589 1056 1670 Opi
1077 1590 1210 1670 opiferae

194 1681 303 1742 dicere.
349 1679 458 1738 ceteris
482 1681 608 1758 septimo
636 1679 730 1739 ferme
758 1698 836 1740 anno
865 1697 1034 1741 sermonem
1062 1681 1210 1758 exprimit.

196 1769 297 1829 mullis
315 1784 386 1828 vero
405 1767 472 1827 talis
491 1785 539 1827 ars
559 1770 623 1828 eius
642 1771 796 1850 contingit,
819 1776 853 1829 ut
872 1771 970 1829 avium
990 1775 1020 1829 et
1039 1767 1209 1828 animalium

193 1860 274 1919 vocis
297 1856 591 1918 indiscretaedatur
618 1858 751 1919 imitatio.
796 1856 966 1918 intellectus
994 1875 1133 1936 saporum
1160 1873 1206 1916 ce·

136 1978 141 1988 ·
195 1948 268 2007 teris
292 1948 322 2006 in
346 1946 443 2025 prima
465 1945 579 2026 lingua,
602 1944 715 2006 homini
738 1954 768 2006 et
790 1948 822 2007 in
844 1944 950 2025 palato.
1221 1957 1252 1998 2⁰

142 2044 193 2094 175
261 2027 336 2116 (66)
374 2033 520 2094 Tonsillae
548 2036 580 2094 in
609 2034 743 2115 homine,
772 2036 803 2095 in
834 2053 887 2096 sue
917 2033 1082 2114 glandulae.
1119 2033 1209 2114 ‚quod
1310 2041 1311 2048 ’

193 2126 272 2184 inter
290 2141 340 2184 eas
358 2141 431 2183 uvae
451 2125 570 2184 nomine
593 2123 697 2184 ultimo
720 2123 869 2202 dependet
890 2123 987 2203 palato
1010 2124 1123 2184 homini
1145 2130 1209 2184 tan·

193 2220 256 2273 tum
290 2219 343 2272 est.
390 2211 445 2272 sub
478 2230 512 2272 ea
544 2214 641 2273 minor
672 2212 772 2291 lingua
804 2212 879 2273 nulli
910 2231 963 2274 ova
994 2213 1209 2292 generantium.
1310 2199 1311 2214 ¹

194 2319 284 2381 opera
313 2302 377 2361 eius
405 2303 522 2378 gemina
549 2300 664 2378 duabus
694 2302 887 2380 interpositae
917 2301 1033 2364 tistulis.
1082 2302 1209 2362 interior

195 2407 298 2450 earum
327 2387 491 2467 appellatur
521 2392 631 2470 arteria
664 2389 700 2450 ad
733 2389 905 2469 pulmonem
934 2397 1023 2469 atque
1058 2408 1110 2451 cor
1141 2407 1208 2469 per·
1225 2404 1252 2444 25

142 2488 195 2538 176
206 2480 313 2539 tineus.
354 2476 429 2538 hanc
453 2481 551 2556 operit
573 2480 605 2539 in
628 2477 774 2557 epulando
798 2480 905 2557 spiritu
929 2486 959 2538 et
983 2496 1053 2539 voce
1076 2477 1125 2538 illa
1149 2495 1208 2538 me·

265 2666 410 2722 omodice
427 2672 463 2719 st.
489 2683 550 2721 -oae
569 2685 613 2722 ro.
692 2674 707 2722 6
727 2667 841 2721 eliditur
857 2673 893 2724 nt.
922 2667 1036 2721 edilitur
1052 2666 1098 2722 ι’.
1125 2666 1210 2721 elitur

193 2755 215 2794 r.
245 2737 356 2792 elicitur
373 2755 398 2792 o.
472 2740 573 2792 'ttunc
592 2739 621 2793 el
637 2743 672 2792 st.
700 2740 768 2792 tunc
787 2738 824 2792 ad
841 2738 887 2792 12².
914 2740 982 2792 tunc
998 2738 1064 2793 lvo.
1089 2737 1159 2810 ssjno
1178 2744 1208 2790 Ι).

192 2826 229 2864 no
248 2813 294 2863 sd.
316 2812 320 2878 l
343 2808 448 2870 extenti
465 2808 584 2864 welo
610 2809 704 2864 exenii
721 2808 826 2865 ΒΨι.
853 2809 913 2863 —nte
932 2810 975 2865 Ν,
1049 2813 1065 2862 8
1083 2807 1210 2879 perpulsi

191 2885 243 2934 1⁸
260 2881 319 2936 edd.
335 2885 398 2936 aute
412 2879 504 2934 Hasd.
539 2877 662 2950 pelpuls'i
679 2887 709 2936 lt.
744 2880 850 2950 repulsi
867 2885 891 2937 d.
926 2879 1003 2952 pulsi
1020 2885 1055 2936 B:
1086 2877 1210 2950 perculsi

191 2957 243 3007 oet.
258 2952 325 3006 Dal.
357 2951 484 3021 propulsi
501 2951 594 3006 Hard.
627 2952 678 3018 cfr.
696 2945 761 3006 noos
777 2953 828 3006 loc.
843 2956 931 3020 p.52.
961 2953 965 3018 Ι
995 2951 1086 3008 ethis
1109 2952 1140 3006 et
1156 2957 1208 3006 Its.

194 3025 224 3077 et
241 3027 265 3080 d.
340 3028 374 3076 10
393 3022 498 3077 scrrleis
516 3026 590 3076 nod.
664 3027 697 3076 12
719 3023 796 3077 Pint.
810 3023 898 3078 ootcoit
915 3021 1047 3077 veterinis
1065 3021 1133 3089 lata,
1153 3021 1209 3076 ele·

191 3093 300 3164 phanio
328 3093 489 3163 perexigua.
521 3093 698 3162 probabilius
724 3098 763 3148 est
791 3095 915 3149 ceterum
941 3093 1030 3148 latet
1056 3092 1209 3163 elephanto

193 3165 357 3235 perexiguo:
376 3165 427 3233 cfr.
442 3164 529 3219 Arist.
543 3165 569 3219 lo.
585 3182 610 3220 a.
625 3167 692 3232 1136
710 3168 839 3230 γλῶτταν
853 3166 884 3220 δὲ
902 3166 958 3232 ἔχει
976 3165 1075 3232 μικράν
1092 3181 1130 3240 τεΙ
1143 3165 1210 3232 (φό-

194 3237 247 3303 δρα
265 3237 310 3290 καί
329 3236 416 3304 ἐντός,
435 3237 505 3290 dicte
524 3236 625 3303 ἔργον
644 3237 731 3291 εἶναι
751 3235 845 3292 ἰδεῖν.
873 3236 923 3303 cfr.
937 3236 971 3292 de
980 3240 1056 3305 post.
1071 3253 1117 3292 oo.
1132 3235 1209 3290 1117

192 3307 242 3374 fin.
334 3312 366 3360 15
390 3308 480 3361 torius
496 3310 554 3361 Io.
586 3309 684 3362 tomus
702 3324 725 3364 r.
817 3314 850 3362 16
874 3306 928 3377 Opi
947 3306 1091 3364 Iordanes
1108 3307 1209 3375 epten
1309 3315 1311 3360 t

192 3377 771 3518 attendeassuuntur
784 3377 1209 3504 ”retinentur
1309 3369 1311 3426 ⁶

197 3517 201 3586 Ι
222 3519 281 3572 eius
300 3535 350 3572 om.
370 3519 414 3574 12¹.
482 3526 521 3575 ,19
540 3511 692 3576 indiscrete
705 3525 740 3576 st.
767 3523 806 3576 ·te
825 3537 849 3576 o.
875 3519 1031 3576 discreteea
1049 3526 1079 3573 n.
1105 3520 1164 3575 -tes
1182 3538 1210 3576 s.

194 3589 235 3641 -te
254 3593 306 3643 nd.
381 3597 415 3644 24
433 3590 618 3661 interpositae
636 3592 784 3648 HBBord.
813 3594 855 3647 -is
872 3593 956 3648 redd.
966 3597 1027 3648 srett.
