2608 3958
169 119 213 182 44
516 115 545 170 C.
565 113 664 170 PLINI
683 112 847 169 securint

169 267 258 330 modo
278 268 412 346 «accipio,
442 281 571 343 puerum
598 270 682 323 aestu
710 269 741 322 et
762 263 870 322 itinere
894 261 1006 322 fessum
1033 263 1065 322 in
1093 279 1191 340 specu

171 363 285 435 septem
305 355 339 414 'et
356 354 569 433 quinquaginta
591 351 736 412 dormisse
760 352 855 432 annis,
876 367 979 410 rerum
996 350 1104 410 faciem
1122 368 1191 410 mvt-

169 445 371 520 tationemque
394 444 552 502 mirantem
570 439 650 500 velut
668 445 789 518 postero
806 439 855 500 die
877 445 1093 520 experrectum,
1115 439 1191 500 hinc

170 534 236 611 pari
259 549 385 592 numero
409 531 527 590 dierum
554 531 636 589 senio
659 530 831 607 ingruente,
863 535 897 588 ut
919 534 1018 587 tamen
1041 529 1072 589 in
1095 529 1192 606 septi·

171 637 254 681 mum
276 627 306 680 et
330 619 610 698 quinquagesimum
633 625 722 696 atque
746 617 943 676 centesimum
965 617 1041 676 vitae
1064 615 1223 677 durareto

171 727 290 770 annum.
336 709 513 769 feninorum
536 724 625 768 sexus
647 705 719 766 huic
740 703 817 766 malo
840 705 957 764 videtur
985 706 1110 766 maxime
1133 723 1191 784 op-

170 805 318 879 portunus
342 797 539 858 conversione
559 794 673 876 volvae,
696 811 778 872 quae
802 795 828 854 si
851 795 1030 875 corrigatur,
1062 795 1192 873 spiritus

171 888 349 948 restituitur.
398 884 458 945 huc
487 885 618 964 pertinet
650 881 748 944 nobile
781 881 859 963 apud
889 881 1019 943 Graecos
1046 881 1192 944 volumen

171 973 374 1035 Heraclidis
398 981 512 1053 septem
531 971 635 1032 diebus
657 972 783 1032 feminae
807 973 952 1032 exanimis
973 971 1010 1032 od
1027 973 1118 1032 vitun
1139 989 1191 1032 re·

119 1071 170 1122 176
181 1069 308 1124 vocatae.
344 1061 450 1124 Varro
474 1079 592 1141 quoque
609 1066 720 1121 'auctor
743 1068 790 1121 est
811 1062 926 1121 xxviro
949 1078 983 1120 se
1005 1078 1090 1139 agros
1114 1060 1236 1120 divi-10

171 1151 259 1212 dente
274 1150 390 1231 Capuae
410 1150 558 1230 quondam
576 1151 628 1229 qui
646 1149 806 1210 efferretur
818 1151 885 1210 foro
899 1149 1020 1210 mnium
1036 1164 1191 1224 remeasse

170 1239 305 1318 pedibus.
341 1240 398 1300 hoc
421 1240 501 1300 idem
522 1238 632 1318 Aquini
655 1238 807 1300 accidisse.
838 1238 948 1298 Romae
973 1255 1091 1316 qnoque
1115 1237 1190 1298 Gor-

171 1329 274 1390 fidium
296 1336 474 1389 materterae
488 1345 566 1389 suae
590 1328 730 1388 maritum
749 1328 853 1389 sunere
872 1326 968 1388 locato
990 1328 1134 1386 revixisse
1158 1335 1192 1387 et

120 1406 343 1478 ivitocatorem
361 1417 476 1477 funeris
498 1415 535 1478 ab
554 1434 591 1476 eo
613 1415 732 1476 elatum.
764 1415 854 1477 adioit
871 1415 1014 1476 miracula
1032 1433 1106 1494 quae
1126 1423 1192 1476 tota

170 1505 318 1566 indicasse
344 1506 514 1566 conveniat:
552 1522 567 1565 e
592 1503 709 1566 duobus
732 1504 875 1566 tratribus
902 1505 1051 1582 equestris
1073 1503 1190 1564 ordinis
1205 1517 1232 1558 15

172 1593 297 1654 Corfidis
316 1595 422 1653 maiori
440 1593 583 1654 accidisse
600 1601 636 1654 ut
653 1593 806 1654 videretur
825 1594 1001 1674 exspirasse,
1023 1600 1189 1671 apertoque

171 1688 349 1742 testamento
379 1683 537 1742 recitatum
563 1681 706 1744 heredem
735 1683 882 1742 minorem
908 1682 1009 1742 ivmcri
1034 1682 1190 1763 institisse,

85 1815 88 1820 .
170 1771 293 1830 interim
315 1787 385 1831 eum
403 1772 456 1849 qui
473 1769 629 1831 videbatur
652 1773 817 1832 exstinctus
835 1768 1002 1850 plaudendo
1024 1771 1189 1830 concivisse

52 1918 56 1923 .
156 1860 337 1918 vministeria
364 1865 395 1918 et
417 1877 554 1919 narrasse
580 1877 596 1919 a
618 1859 710 1920 fratre
739 1861 924 1941 sevenisse,
954 1858 1191 1920 commendatam

172 1945 230 2007 sibi
252 1946 341 2006 tiliam
364 1945 400 2006 ab
423 1965 468 2030 eo,
492 1947 727 2010 demonstratum
746 1957 901 2028 praeterea
921 1965 981 2026 quo
1003 1949 1036 2008 in
1053 1947 1119 2007 loco
1138 1947 1187 2009 de·
1202 1961 1229 2001 20

172 2035 297 2096 fodisset
319 2053 426 2098 aurum
448 2035 529 2098 nullo
552 2039 681 2120 conscio,
702 2046 735 2100 et
758 2055 878 2117 rogasse
901 2045 936 2098 ut
955 2038 992 2096 iis
1010 2035 1189 2097 funebribus

172 2143 247 2203 qnae
271 2132 473 2205 comparasset
495 2126 660 2204 efferretur.
706 2126 763 2187 hoc
787 2145 822 2188 eo
845 2133 985 2186 narrante
1013 2127 1114 2186 fratris
1137 2124 1196 2186 do·-

172 2216 288 2276 mestici
310 2229 439 2294 propere
462 2213 674 2276 adnuntiavere
697 2217 896 2277 exanimatum
917 2213 1010 2297 illum,
1033 2222 1064 2275 et
1081 2231 1189 2278 aurum

120 2307 171 2358 178
181 2302 233 2364 uhi
260 2302 376 2367 dixerat
402 2311 556 2383 repertum
583 2312 637 2365 est.
686 2304 774 2384 plena
799 2311 955 2384 praetereo
982 2305 1043 2364 vite
1068 2311 1115 2364 est
1141 2302 1188 2363 hie

171 2393 330 2474 vaticiniis,
362 2391 414 2452 sed
446 2411 507 2454 non
539 2393 732 2474 conferenda,
765 2411 834 2454 cerm
865 2394 984 2471 saepius
1014 2390 1087 2453 falsa
1118 2393 1186 2472 sint,
1199 2403 1224 2444 2⁵

173 2481 250 2539 siout
278 2482 392 2558 ingenti
419 2481 554 2560 exemplo
582 2480 763 2542 docebimus
808 2481 889 2542 Rello
914 2479 1015 2541 Siculo
1038 2479 1186 2542 Gabienus

172 2565 306 2627 Caesaris
325 2567 464 2629 classium
482 2571 662 2631 fortissimus
681 2579 784 2650 captus
802 2589 819 2630 a
839 2569 929 2632 Sexto
943 2567 1085 2648 Pompeio
1103 2571 1186 2630 iussu

173 2657 237 2716 eius
260 2657 355 2718 incisa
377 2659 492 2718 cervice
520 2665 551 2718 et
572 2660 620 2718 vix
644 2658 820 2720 cohaerente
843 2661 935 2720 iacuit
959 2660 992 2718 in
1014 2657 1101 2718 litore
1125 2665 1186 2718 toto

173 2743 229 2804 die.
259 2744 376 2826 deinde,
398 2762 467 2807 cum
485 2746 746 2826 advesperavisset‚
769 2750 880 2826 gemitu
898 2745 1103 2826 precibusque·
1118 2765 1186 2807 con-

173 2839 292 2911 gregata
315 2833 504 2894 multitudine
527 2837 613 2913 petiit
635 2838 680 2896 uti
702 2835 862 2916 Pompeius
885 2835 922 2896 ad
945 2854 976 2896 se
1000 2838 1116 2896 veniret
1138 2844 1222 2897 autu

173 2920 302 2999 aliquem
326 2941 362 2982 ex
385 2924 501 2982 arcariis
524 2925 669 3004 mitteret,
694 2943 725 2986 se
750 2927 828 2985 enim
852 2923 888 2984 ah
906 2924 1010 2984 inieris
1029 2926 1186 2985 remissum

120 3008 291 3071 179habere
315 3029 391 3089 quae
414 3013 573 3072 nuntiaret.
606 3014 687 3074 misit
708 3012 811 3093 plures
834 3013 994 3092 Pompeius
1017 3031 1054 3073 ex
1077 3015 1185 3095 amicis,

173 3097 282 3177 quihus
298 3098 450 3160 Gabienus
472 3098 546 3160 dixit
562 3101 667 3160 interis
690 3100 736 3162 dis
753 3101 871 3181 placere
890 3100 1013 3181 Pompei
1033 3119 1139 3163 causas
1157 3110 1185 3163 et

172 3195 272 3267 partes
296 3189 373 3270 pias,
395 3186 519 3267 proinde
544 3197 683 3250 eventum
706 3191 841 3252 futurum
865 3207 954 3270 quern
977 3197 1106 3272 optaret,
1130 3191 1184 3251 hoc

172 3317 386 3326 m...-

245 3380 278 3429 10
297 3391 326 3430 se
345 3393 428 3446 egros
446 3375 515 3431 eoo.
545 3392 575 3431 se
594 3393 663 3447 agro
681 3378 760 3434 ΒΨ.
789 3395 889 3449 saegro
906 3380 969 3434 ΙΨ.
998 3395 1079 3449 segre
1097 3397 1121 3434 r.

173 3451 206 3512 lb
226 3461 241 3500 e
260 3461 310 3501 om.
328 3451 382 3501 nt.
462 3453 496 3503 16
514 3447 629 3504 meioris
647 3455 678 3502 Β.
760 3456 792 3504 17
811 3449 981 3509 tuentur.
1009 3450 1125 3506 fietrem
1141 3450 1182 3506 12².

171 3515 262 3570 funeri
279 3535 303 3572 r.
334 3520 338 3587 Ι
367 3517 522 3574 instituisse
540 3519 585 3574 3².
667 3526 700 3575 27
725 3521 856 3580 olessiom
871 3521 918 3578 3¹.
1000 3526 1034 3578 29
1058 3538 1122 3576 oum
1139 3537 1183 3592 ge·

171 3587 242 3642 mitu
261 3594 312 3644 rto.
385 3590 532 3646 eout1t²¹
605 3596 639 3644 32
658 3591 830 3662 haberetque
849 3593 966 3662 quode
