2628 3950
171 117 173 121 ’
188 140 277 186 xvm
593 117 801 172 PRAEFATIO

187 269 220 327 in
242 269 356 344 optimo
380 267 480 327 codice
501 267 534 325 M
556 267 842 343 frequentissimum.
887 267 989 342 itaque
1011 287 1072 328 non
1099 270 1207 346 scripsi

188 375 256 416 cuin
278 356 452 416 Detlefseno
474 355 659 415 Ptolomaeus
681 355 742 414 VII
766 357 839 415 123.
864 357 936 415 208.
960 356 1003 414 IX
1023 359 1052 418 6.
1075 356 1207 435 111166,

187 445 261 505 16616
284 445 361 519 61116,
384 444 492 521 quibus
515 444 626 504 addere
648 444 700 503 ille
724 445 817 503 etiam
839 443 911 502 XIV
936 447 976 504 76
1000 447 1129 521 poterat,
1152 447 1207 507 ubi

187 533 261 593 item
283 534 316 592 in
338 534 381 591 ad
404 534 452 592 eet
473 533 639 594 Ptolomaeo
662 524 713 613 (de
732 551 792 608 qua
809 533 906 592 forma
925 533 977 591 cfr.
991 533 1205 596 Fleckeisenus

188 641 255 681 ann.
278 621 384 698 philol.
410 623 495 682 1866
518 642 547 698 p.
572 623 590 681 3
616 613 707 701 sqq.);
734 640 805 680 nam
832 621 924 681 codex
945 621 977 680 M
1000 622 1059 682 sibi
1086 625 1207 684 constat
1305 683 1306 686 ,

187 711 219 772 16
238 709 354 770 Graeca
372 711 470 770 forma
492 710 675 770 Ptolemaeos
692 710 752 770 XII
772 713 822 770 76.
845 709 920 774 XIII
940 713 990 770 70.
1015 713 1066 785 93,
1090 714 1122 770 61
1145 731 1206 772 om·

187 800 258 860 nino
281 797 398 858 Plinius
421 800 454 857 in
477 797 600 858 Graecis
623 799 794 859 nominibus
816 798 892 858 mihi
913 798 1034 858 videtur
1058 801 1206 876 genuinas

187 889 301 948 formas
317 907 455 948 servasse
469 890 501 946 et
518 887 701 948 abstinuisse
720 907 739 945 6
756 888 878 963 vulgari
892 887 1095 949 Romanorum
1108 891 1206 949 trans-

188 977 378 1039 formatione.
431 994 536 1052 quare,
570 994 751 1052 quamquam
779 976 992 1036 FleckeIsenus
1021 977 1041 1036 l.
1068 977 1088 1036 l.
1118 980 1204 1038 1869

185 1086 216 1141 p.
231 1067 294 1126 656
310 1085 373 1141 sqq.
392 1065 619 1136 commendauit,
638 1065 681 1123 IX
697 1068 748 1126 50.
769 1066 821 1124 58.
842 1065 903 1123 115
923 1065 1076 1139 Bosphoro
1094 1083 1162 1124 cum
1178 1066 1207 1126 a

185 1173 298 1231 ponere
321 1154 413 1231 nolui,
437 1157 468 1213 et
490 1157 525 1212 ut
547 1153 660 1212 XXXV
681 1155 742 1213 107
767 1154 936 1212 mursiam
957 1153 1075 1228 pridem
1097 1156 1205 1231 vulga

186 1247 253 1302 tum
272 1246 327 1319 est,
350 1244 395 1302 ita
418 1243 510 1302 etiam
531 1241 591 1302 XII
611 1243 650 1302 62
677 1261 713 1300 ex
729 1242 762 1300 M
784 1242 884 1317 recepi
905 1259 1000 1316 omae,
1022 1244 1206 1318 praesertim

188 1351 256 1392 oum
274 1331 345 1390 XXI
366 1333 427 1392 185
447 1331 564 1390 Plinius
587 1331 652 1406 ipse
676 1349 743 1389 eam
766 1349 785 1389 a
802 1331 946 1390 Romanis
967 1332 1080 1392 mmmm
1101 1333 1207 1392 vocari

187 1424 218 1480 et
242 1415 285 1479 ‘in
307 1419 457 1480 mensuris
477 1438 594 1496 quoque
618 1437 652 1478 ac
675 1418 858 1496 ponderibus
882 1419 986 1478 crebro
1007 1417 1130 1480 Graecis
1153 1439 1206 1483 6ο-

186 1509 319 1568 minibus
341 1502 499 1568 utendum'
522 1527 589 1568 esse
612 1509 703 1568 dicat.
739 1511 898 1583 praeterea
920 1509 1031 1568 recessi
1053 1509 1208 1569 aDetlef-

187 1617 257 1658 seno
286 1597 432 1675 111226,
460 1598 513 1656 ubi
540 1617 577 1656 ex
598 1597 630 1654 M
653 1597 775 1672 scripsit
802 1597 962 1658 crocodillis
983 1627 1028 1638 -
1050 1597 1095 1658 116
1123 1599 1206 1658 enim

185 1687 317 1746 fortasse
336 1688 463 1748 cobellis
482 1705 599 1763 quoque
617 1686 676 1744 XII
693 1687 733 1746 63
754 1704 789 1744 ex
807 1685 839 1744 M
857 1686 1062 1761 reponendum
1080 1690 1147 1747 erat
1161 1718 1205 1728 -·

185 1794 282 1852 neque
305 1775 380 1834 XIII
404 1777 444 1837 83
472 1776 573 1852 recepi
601 1779 685 1852 opat,
712 1775 793 1850 quod
820 1775 925 1835 eodem
951 1775 1017 1834 iure
1045 1776 1138 1835 etiam
1160 1775 1207 1834 XI

188 1867 260 1925 195.
291 1867 365 1925 253.
397 1866 461 1924 274
490 1864 653 1940 multisque
682 1864 756 1923 locis
788 1863 858 1923 aliis
890 1864 1095 1940 recipiendum
1129 1867 1206 1942 6661,

184 1972 282 2031 66666
296 1954 396 2014 aliter
419 1972 451 2013 se
474 1954 588 2014 habent
609 1954 724 2013 formae
747 1953 821 2020 illut,
845 1953 937 2021 aliut.
950 1957 1000 2032 set,
1023 1954 1102 2030 tout,
1125 1959 1202 2026 quot,

117 2058 120 2068 ·
186 2042 223 2102 de
246 2042 356 2119 quibus
384 2043 438 2102 cfr.
460 2043 561 2104 Monei
582 2042 698 2120 proleg.
721 2062 750 2119 p.
769 2041 908 2116 XXXIH,
936 2043 1039 2116 umqum
1061 2042 1105 2100 XI
1128 2044 1204 2118 238,

186 2134 279 2206 adque
297 2151 351 2210 pro
371 2136 456 2206 atque
473 2132 548 2192 XIII
564 2134 636 2192 131.
656 2130 729 2190 XIV
744 2133 773 2208 2,
795 2131 856 2192 tom
874 2135 977 2192 lemme
993 2130 1038 2190 XI
1053 2132 1104 2208 73,
1123 2131 1202 2192 61166
1310 2117 1311 2128 ¹

185 2221 308 2282 multae.
354 2239 447 2298 quare
471 2222 497 2282 si
518 2222 551 2280 in
569 2221 617 2281 his
636 2221 779 2296 exemplis
798 2221 991 2308 Detlefsenue
1009 2237 1070 2280 non
1088 2220 1204 2280 obtem-

77 2373 79 2378 ,
185 2312 304 2385 paravit
327 2311 530 2387 antiquissimi
552 2309 662 2371 codicis
685 2310 874 2386 auctoritati,
903 2328 963 2369 non
984 2309 1071 2369 video
1095 2327 1149 2368 cur
1171 2311 1205 2368 16
1307 2381 1310 2390 Ι

186 2399 254 2460 61116
278 2400 413 2460 eiusdem
434 2400 516 2462 modi
538 2399 637 2476 magis
661 2399 929 2475 obtemperandum
958 2398 998 2458 sit
1023 2398 1200 2456 recentioris

186 2489 296 2548 aetatis
326 2489 486 2550 codicibus.
541 2489 595 2550 sed
623 2489 693 2549 6616
725 2488 862 2563 exempla
890 2487 1073 2546 continuare.
1124 2487 1200 2548 66116

184 2576 247 2636 dixi
275 2579 312 2637 de
340 2579 456 2638 ratione
483 2596 563 2655 mea,
592 2595 682 2655 quam
709 2579 845 2637 secutum
871 2593 937 2636 esse
965 2592 999 2634 eo
1027 2574 1125 2635 minus
1154 2594 1205 2635 me

185 2666 329 2743 paenitet,
347 2668 427 2743 qnod
440 2667 713 2745 locupletissimum
730 2665 805 2726 mibi
823 2665 928 2724 adesse
941 2663 1029 2724 uideo
1048 2668 1205 2726 auctorem
1300 2685 1302 2692 ’

185 2773 221 2816 66
242 2759 405 2832 patronum
426 2756 614 2818 Fridericum
631 2755 830 2816 Ritschelium
852 2771 952 2829 opusc.
970 2752 1002 2812 11
1015 2773 1044 2829 p.
1061 2756 1124 2816 723
1139 2773 1203 2831 sqq.

251 2846 289 2904 In
310 2864 504 2908 numerorum
531 2846 658 2922 denique
685 2845 738 2922 661
763 2845 796 2904 16
822 2845 908 2902 textu
937 2846 1007 2903 sunt
1036 2843 1201 2904 eirenotis

185 2936 249 2995 sive
279 2935 433 2995 vocabulis
464 2935 627 2995 scribendis
657 2935 762 2994 eodem
794 2951 852 3009 666
887 2931 1081 2994 Detleteenus
1113 2932 1203 2992 modo
1310 2979 1311 2990 .

185 3027 325 3083 versatus
354 3043 434 3098 sum,
462 3025 513 3100 qui
540 3024 695 3084 verissime
723 3023 812 3096 dixit,
840 3041 878 3082 ne
907 3022 1125 3082 emendationis
1152 3021 1204 3080 via

185 3112 315 3188 pessime
344 3113 570 3192 obscuraretur,
601 3111 825 3172 accuratissime
851 3112 938 3171 nobis
968 3111 1098 3186 vestigia
1127 3109 1203 3187 opti-

184 3219 304 3260 morum
327 3201 462 3260 codicum
488 3202 652 3278 premenda
680 3220 755 3262 esse.
802 3219 894 3276 66666
922 3202 1097 3277 plerumque
1126 3216 1203 3273 6666

184 3291 238 3350 ille
251 3291 284 3348 in
298 3308 352 3354 666
367 3290 498 3350 editione
512 3292 648 3350 exhibuit
661 3291 736 3349 mibi
749 3289 934 3349 desumenda
946 3291 1040 3362 erant,
1061 3287 1204 3363 quoniam

114 3465 118 3472 ’
185 3513 243 3565 qua.
265 3511 295 3550 6
319 3494 369 3553 cfr.
392 3495 421 3551 o.
444 3496 474 3551 r.
493 3496 539 3554 w.
562 3496 698 3552 66666
721 3513 784 3552 ann.
808 3493 909 3566 philol.
933 3498 1001 3549 666
1024 3510 1051 3562 p.
1072 3498 1124 3548 497
1143 3509 1204 3561 sqq.

185 3583 250 3636 cum
270 3565 451 3623 adnotatione
469 3567 651 3624 Fleckeiseni.
