2612 3962
423 165 516 220 ΝΑΤ.
534 165 627 220 HIST.
648 164 713 220 XIV
732 173 748 221 6
768 167 804 237 (8)
1061 167 1127 232 363

93 315 342 396 Faustinianum,
361 317 429 376 imis
443 313 610 378 Falernum.
640 333 699 376 non
718 315 915 378 omittendum
935 323 1035 378 autem
1053 317 1127 378 nulli

104 422 214 470 eorum
238 422 313 484 quae
337 402 528 465 celebrentur
550 404 716 466 iucundum
739 423 876 485 saporem
900 423 973 466 uvae
997 423 1072 467 esse.

174 489 241 574 <3>
265 493 310 554 Ad
333 495 452 554 tertiam
474 492 602 572 palmam
624 495 704 554 varie
728 511 837 554 venere
861 492 971 555 Albana
994 492 1062 556 urbi
1086 497 1126 556 vi·
1147 501 1180 552 64

104 585 186 664 cina,
218 582 389 662 praedulcia
413 600 447 643 ac
470 600 538 644 rara
565 584 596 643 in
624 589 758 663 austero,
790 585 863 643 item
890 583 1068 652 Surrentina
1090 586 1127 644 in

73 674 201 734 erinnis
224 679 342 732 tantum
365 673 530 753 nascentia,
554 670 830 733 convalescentibus
853 675 979 733 maxime
1002 671 1127 754 probata

102 768 230 841 propter
244 763 421 822 tenuitatem
435 759 708 840 salubritatemque.
732 758 872 821 Tiberius
886 759 995 822 Caesar
1009 760 1127 824 dicebat

104 851 297 912 consensisse
317 850 449 911 medicos
468 857 502 912 ut
521 847 705 911 nobilitatem
725 849 904 912 Surrentino
913 835 1038 931 darent,
1057 850 1126 912 alio·

103 941 247 1019 quiesse
271 957 452 1019 generosum
474 945 608 1020 acetum,
631 938 662 999 C.
686 937 809 1020 Cacsar,
832 941 885 1019 qui
907 941 1053 1000 successit
1075 938 1127 1019 illi,

104 1027 238 1090 nobilem
266 1045 398 1109 vappam.
446 1035 562 1089 certant
588 1027 713 1089 Massica
741 1035 830 1108 atque
859 1045 876 1088 a
903 1035 1004 1089 monte
1028 1027 1127 1088 Gauro

57 1129 90 1170 ιο
104 1117 249 1178 Puteolos
268 1115 412 1198 baiasque
435 1118 666 1198 prospectantia.
703 1134 773 1178 nam
790 1115 916 1178 Falerno
940 1119 1126 1178 contermina
1145 1121 1179 1172 66

105 1206 229 1268 Statana
246 1205 283 1267 ad
301 1209 503 1287 principatum
521 1223 632 1267 venere
650 1223 710 1266 non
729 1203 828 1286 dubie,
850 1205 1007 1286 palamque
1026 1206 1125 1268 fecere

103 1313 161 1358 sua
183 1293 353 1375 quibusque
373 1297 463 1358 terris
486 1302 622 1376 tempora
646 1313 721 1375 esse,
744 1313 814 1356 suos
838 1312 942 1356 rerum
963 1302 1127 1374 proventus

102 1402 301 1463 occasusque.
347 1377 449 1446 iirncta
472 1387 510 1445 iis
533 1385 677 1464 praeponi
700 1382 835 1444 solebant
858 1382 966 1444 Calena
993 1391 1024 1444 et
1051 1401 1127 1462 quae

103 1476 140 1536 in
158 1475 253 1534 vineis
277 1471 467 1553 arbustisque
492 1480 658 1534 nascuntur
676 1472 818 1534 Fundana
842 1479 872 1533 et
891 1472 946 1533 alia
965 1491 1002 1533 ex
1021 1473 1128 1533 vicinia

58 1574 86 1616 15
102 1560 200 1644 urbis,
224 1561 386 1644 Veliterna,
409 1563 601 1624 Privernatia.
648 1580 715 1622 nam
744 1561 823 1640 qnod
848 1561 966 1641 Signiae
995 1563 1128 1624 nascitur

102 1653 280 1713 austeritate
304 1654 395 1714 nimia
418 1651 614 1714 continendae
638 1650 711 1712 utile
734 1651 798 1712 alvo
826 1653 905 1712 inter
934 1651 1129 1713 medicamina

103 1748 292 1802 numeratur.

175 1825 240 1910 <4>
265 1829 412 1902 Quartum
435 1829 620 1892 curriculum
642 1827 771 1909 publicis
799 1828 895 1908 epulis
924 1831 1081 1910 optinuere
1111 1848 1127 1888 a
1147 1835 1181 1883 66

102 1920 174 1980 divo
197 1917 273 1980 lulio
297 1953 339 1963 -
363 1921 389 1980 is
412 1921 493 1980 enim
515 1921 631 2000 primus
661 1920 871 1979 auctoritatem
897 1917 945 1978 his
972 1918 1067 1998 dedit,
1095 1925 1129 1978 ut

57 2021 88 2062 ²0
104 2007 243 2088 epistulis
270 2011 337 2070 eius
367 2015 490 2089 apparet
518 2041 560 2052 -—
588 2007 763 2069 Mamertina
793 2009 873 2068 circa
902 2005 1068 2068 Messanam
1098 2008 1129 2066 in
1184 2025 1201 2058 s

104 2097 208 2159 Sicilia
238 2100 345 2178 genita.
398 2115 435 2158 ex
465 2097 511 2158 his
541 2097 685 2158 Potulana
715 2095 751 2156 ab
782 2102 904 2157 auctore
935 2095 1023 2156 dicta.
1078 2093 1129 2154 illo

104 2189 284 2266 cognomine
315 2188 450 2266 proxima
482 2185 583 2247 ltaliae
615 2185 773 2246 laudantur
804 2186 973 2264 praecipue.
1020 2190 1066 2244 est
1097 2185 1130 2243 in

104 2275 212 2337 eadem
240 2275 341 2337 Sicilia
369 2283 399 2337 et
422 2275 681 2337 Tauromenitanis
708 2272 804 2334 honos
831 2272 964 2351 lagoenis
991 2271 1128 2352 proMa-

105 2367 239 2426 mortino
262 2364 440 2445 plerumque
464 2361 600 2426 subditis.
666 2394 668 2399 ·
919 2385 922 2390 ·
1022 2417 1026 2423 .
1071 2376 1074 2382 ’

59 2467 88 2508 25
174 2449 240 2534 <5>
264 2453 308 2514 Ex
326 2452 451 2534 rebqnis
473 2459 573 2514 autem
596 2470 613 2512 6
636 2466 746 2532 supero
769 2451 845 2512 mari
863 2449 1016 2511 Praetutia
1037 2458 1128 2530 atque
1148 2456 1181 2504 ot

105 2543 229 2604 Ancona
253 2545 419 2624 nascentia,
446 2549 477 2604 et
500 2559 576 2622 quae
600 2559 616 2601 a
638 2540 735 2621 palma
763 2557 821 2601 666
849 2538 927 2600 forte
953 2547 1041 2610 enata
1068 2538 1129 2619 pal·

106 2634 222 2696 mensia
242 2631 448 2712 appellavere,
480 2632 512 2692 in
543 2629 761 2691 mediterraneo
792 2646 863 2690 vero
893 2626 1066 2689 Caesenatia
1096 2646 1129 2686 ac

106 2721 340 2801 Maecenatiana,
363 2723 395 2782 in
417 2719 593 2781 Veroniensi
616 2721 688 2781 item
711 2717 833 2804 Raetica
854 2715 989 2777 Falernis
1013 2722 1130 2778 tantum

106 2810 234 2892 postlata
257 2809 466 2891 aVergilio,
489 2826 558 2869 mox
581 2807 617 2868 ab
641 2809 746 2869 intimo
770 2808 838 2868 sinu
862 2805 952 2867 maris
971 2803 1130 2884 Hadriana,

108 2951 154 2960 ..-

182 3023 195 3072 1
220 3016 423 3072 faustinianum
441 3022 476 3069 1.
510 3015 644 3070 -stienum
662 3029 707 3070 rc.
798 3019 814 3068 3
838 3012 902 3068 urbi
919 3011 1012 3067 616166
1030 3015 1131 3067 6661.

179 3087 300 3144 80].
330 3087 413 3144 Ceius
431 3086 520 3157 a(?)o.
539 3102 590 3142 om.
604 3103 628 3141 r.
711 3090 817 3140 961.
851 3099 908 3140 er.
937 3099 1015 3138 exo.
1098 3086 1130 3136 11

105 3159 234 3216 suumn
251 3163 286 3214 Ι.
314 3161 365 3228 cfr.
384 3160 493 3212 XXIII
502 3163 547 3214 36.
621 3163 654 3212 12
675 3173 749 3212 esses
768 3156 811 3210 Di.
841 3156 915 3212 esset
931 3153 975 3210 Di.
991 3156 997 3222 1
1013 3171 1077 3209 suos
1096 3158 1131 3208 Ι.

105 3231 185 3301 quod
202 3247 225 3286 ν.
259 3229 414 3286 secuudum
432 3228 508 3312 qnod
526 3228 728 3285 eddotdedel.
760 3227 834 3283 siout
851 3225 979 3283 eddffel.
1048 3295 1054 3306 ·
1098 3229 1132 3278 ta

106 3301 234 3359 calentia
247 3319 272 3354 ι.
346 3307 378 3356 16
393 3300 617 3356 nantonense
645 3303 701 3355 -ter
714 3318 739 3354 a.
767 3300 943 3354 -terranet
972 3298 1132 3352 -bernrnau

174 3379 207 3428 19
226 3371 350 3426 deditlt.
380 3372 480 3427 tribuit
492 3388 537 3427 ro.
610 3377 643 3444 21
663 3370 807 3426 Potitiann
824 3366 1009 3438 Detl.coli.§
1023 3372 1068 3424 69.
1115 3397 1118 3402 2

108 3450 153 3500 21.
164 3449 198 3499 22
217 3443 294 3498 ddcta
311 3444 362 3500 illo
382 3443 548 3515 cognomine
566 3445 688 3498 (116666.
717 3441 831 3496 6161116
851 3439 1028 3496 nominatio.
1056 3437 1133 3520 dioto

107 3516 140 3571 in
157 3515 221 3571 loco
240 3529 285 3569 ao.
376 3521 410 3570 22
425 3515 556 3586 proxime
575 3514 644 3568 ⁰¹(st
678 3529 736 3568 -mo
755 3511 874 3568 edBue.
965 3515 999 3564 23
1022 3509 1133 3579 lagenas

108 3591 197 3642 aedo.
270 3591 304 3641 29
323 3587 448 3657 postlata
465 3585 574 3642 ‹l'rSc'lt
596 3585 700 3640 -tnlata
713 3602 736 3639 r.
765 3582 889 3638 -thubita
901 3599 926 3636 6.
950 3581 954 3650 Ι
978 3581 1014 3634 61)
1032 3579 1132 3633 intimo

5 3659 6 3662 ’
109 3660 191 3716 dedd.
202 3655 260 3715 oet.
284 3658 390 3714 obtimo
404 3664 454 3714 66.
478 3657 585 3729 optimo
599 3676 625 3712 ι.
649 3655 757 3727 optima
770 3655 807 3709 ab
820 3653 921 3708 intimo
935 3647 1132 3709 eddouthel.
