2606 3952
176 121 242 188 350
374 131 378 137 ·
534 120 563 175 e.
582 119 681 174 emm
700 119 859 176 suenum

123 280 156 329 13
174 271 289 351 flagella
316 271 500 350 dispergunt.
537 271 660 332 eaedem
681 269 791 332 modici
812 269 942 330 hominis
966 269 1120 332 altitudine
1144 271 1192 332 ad·

174 360 362 422 minieulatae
382 358 506 420 sudibus
529 359 654 421 horrent
677 361 852 438 vineamque
875 359 989 420 faciunt
1011 377 1028 419 e
1051 358 1127 421 talea
1148 362 1194 422 in·

174 449 269 529 probo
298 451 480 529 perticarum
510 456 629 528 reptatu
658 450 926 529 pampinorumque
955 465 1011 527 per
1036 450 1196 526 parietum

174 538 280 599 damna
306 537 445 598 discursu
472 539 546 598 atria
573 538 671 598 media
698 537 889 617 complentes.
938 544 985 598 tot
1011 537 1195 600 differentias

174 627 220 688 vel
243 626 305 687 sola
323 634 439 688 tantum
456 626 539 688 ltalia
557 629 672 706 recipit.
710 633 769 689 stat
785 627 1007 706 provinciarum
1026 626 1221 706 eliquamus

173 734 228 796 per
252 734 283 776 se
306 716 375 776 vitis
403 717 467 776 sine
495 715 556 776 ullo
584 715 774 798 pedamento,
802 723 885 776 artus
913 733 985 777 suos
1011 717 1044 777 in
1072 734 1104 776 se
1132 715 1194 776 col-

121 818 155 866 14
172 805 269 884 ligens
287 812 318 865 et
330 803 475 865 brevitate
494 805 723 867 crassitudinem
741 823 875 884 pascens.
908 812 1008 867 vetant
1025 803 1083 866 hoc
1101 804 1195 866 aliubi

172 895 263 974 venti,
285 901 320 955 ut
336 896 369 954 in
387 893 487 954 Africa
510 901 540 954 et
558 892 761 955 Narbonensis
779 895 949 972 provinciae
971 893 1116 975 partibus,
1138 893 1194 954 ubi

173 1001 347 1044 excrescere
371 981 449 1044 ultra
472 1000 543 1043 suos
565 981 688 1062 pollices
706 982 873 1062 prohibitae
897 1000 1082 1062 semperque¹
1098 983 1191 1062 pasti-

172 1074 250 1133 natis
269 1070 380 1132 similes
398 1069 560 1132 herbarum
578 1072 666 1134 modo
689 1080 834 1152 vagantur
856 1089 911 1150 per
934 1090 1003 1132 arva
1025 1089 1059 1132 ae
1083 1089 1194 1132 sucum
1208 1088 1233 1126 ιο

172 1163 403 1240 terraepassim
426 1162 490 1221 usis
513 1159 632 1243 bibunt,
660 1179 736 1239 quae
759 1160 798 1221 ob
825 1160 856 1220 id
884 1159 1120 1240 magnitudinem
1146 1162 1193 1221 in-

172 1251 298 1311 fantium
324 1267 489 1330 puerorum
515 1251 547 1310 in
574 1251 717 1312 interiore
743 1258 829 1329 parte
856 1249 974 1312 Africae
1000 1258 1194 1328 exsuperant.

171 1341 239 1400 vina
262 1357 321 1400 non
345 1337 415 1399 ahbi
443 1340 589 1420 tristiora,
616 1339 670 1400 sed
697 1358 754 1400 uva
781 1357 841 1400 non
869 1337 939 1400 alibi
967 1341 1080 1418 gratior
1107 1337 1194 1423 cello,

119 1439 152 1489 15
171 1428 250 1490 unde
272 1429 369 1507 possit
390 1429 539 1490 invenisse
567 1445 676 1490 nomen
703 1428 798 1489 durus
826 1430 939 1489 acinus.
984 1445 1112 1506 namque
1140 1445 1193 1506 ge-

170 1535 244 1578 nera
262 1516 475 1598 magnitudine,
497 1516 607 1599 colore,
630 1516 787 1597 saporibus
805 1519 883 1578 acini
905 1519 1064 1578 innumera
1086 1518 1232 1578 etiam-15

171 1624 244 1667 num
275 1605 511 1685 multiplicantur
543 1608 619 1668 vino.
674 1606 723 1667 bic
755 1623 908 1687 purpureo
940 1606 1043 1668 lucent
1079 1603 1194 1686 colore,

169 1693 230 1755 illie
249 1694 364 1773 fulgent
385 1712 473 1756 roseo
492 1696 648 1774 nitentque
672 1696 767 1756 viridi.
806 1695 963 1757 candicans
986 1697 1067 1756 enim
1090 1695 1192 1773 niger-

171 1802 229 1862 que
258 1783 404 1863 vulgares.
454 1791 571 1846 tument
599 1801 672 1846 uero
703 1803 899 1846 mammarum
931 1784 1018 1846 modo
1050 1782 1193 1865 bumasti,

169 1873 338 1952 praelongis
361 1871 469 1952 dactyli
491 1875 687 1954 porriguntur
709 1875 811 1934 acinis.
853 1881 900 1934 est
927 1884 957 1934 et
986 1872 1036 1934 illa
1063 1879 1191 1934 naturae

169 1961 345 2023 lasciviant
366 1961 602 2041 praegrandibus
629 1962 808 2024 adhaereant
835 1965 918 2042 parvi
946 1964 1086 2042 comites,
1119 1978 1188 2022 sua·
1204 1978 1231 2017 so

118 2063 151 2114 16
171 2053 261 2112 vitate
280 2058 439 2112 certantes.
476 2051 659 2131 leptorragas
676 2051 731 2112 has
753 2059 868 2114 vocant.
905 2052 1014 2113 durant
1036 2050 1109 2112 aliae
1133 2068 1192 2129 per

171 2139 298 2222 hiemes,
324 2139 433 2219 pensih
455 2147 676 2205 concamaratae
699 2141 786 2204 nodo.
831 2141 904 2202 aliae
932 2142 964 2200 in
991 2158 1045 2202 sua
1072 2145 1193 2202 tantum

171 2231 363 2290 eontinentur
381 2231 478 2290 anima
497 2229 563 2290 ollis
581 2228 722 2291 fictilibus
741 2237 771 2290 et
789 2231 913 2310 insuper
935 2229 1022 2291 dohis
1045 2227 1192 2310 inclusae,

170 2320 295 2398 stipatae
323 2319 453 2378 vinaceis
479 2318 780 2380 circumsedentibus.
834 2318 899 2380 aliis
925 2321 1050 2398 gratiam
1077 2318 1131 2396 qui
1158 2325 1192 2377 et

170 2409 246 2468 vinis
265 2400 374 2467 'fumus
400 2406 510 2488 adfert,
542 2406 721 2487 fabrilesque
749 2426 821 2469 eoas
848 2407 939 2487 gloria
970 2408 1131 2487 praecipua
1157 2407 1191 2466 in
1205 2423 1230 2463 es

170 2493 341 2558 fornacibus
360 2494 475 2556 Africae
499 2495 600 2558 Tiberi
619 2495 753 2558 Caesaris
776 2498 938 2558 auotoritas
960 2497 1082 2558 adfecit
1119 2502 1190 2560 ante

241 2756 543 2812 recalescentem.
572 2757 756 2812 eteliehao.
784 2757 854 2812 -iam
868 2760 891 2811 d.
920 2755 976 2811 ·iee
991 2773 1015 2812 c.
1088 2762 1105 2812 3
1146 2773 1188 2811 er-

168 2827 289 2884 tieerum
306 2828 350 2882 11².
375 2844 426 2884 om.
440 2845 485 2883 ro.
511 2830 515 2897 Ι
544 2845 595 2898 per
613 2827 754 2898 parietum
772 2829 873 2884 Iamo.
905 2827 1046 2897 parietum
1063 2826 1095 2882 in
1112 2775 1187 2883 ὅσα.

169 2899 301 2969 peritiam
314 2900 343 2956 ll.
371 2899 564 2968 superfluitate
582 2899 686 2971 peritis
703 2901 837 2957 eddonis
846 2899 926 2954 Brot.
998 2906 1016 2953 4
1035 2898 1140 2954 damna
1158 2900 1186 2956 ll.

168 2970 276 3026 domini
293 2987 318 3025 n.
391 2977 407 3026 6
426 2972 503 3026 estus
522 2988 567 3027 so.
596 2987 677 3026 ereas
694 2971 777 3028 rSdl.
805 2971 855 3039 cfr.
874 2985 935 3025 otoo.
955 2971 1007 3026 lue.
1021 2975 1109 3052 p.99.

168 3041 254 3096 tubi
270 3041 315 3096 Di.
342 3058 452 3097 orcae
544 3048 577 3098 13
597 3041 665 3098 uine
682 3043 710 3098 ll.
742 3059 799 3098 uve
815 3059 840 3097 o.
867 3044 953 3110 [μου
970 3041 1040 3096 elibr
1057 3039 1186 3096 tristiore

169 3113 219 3168 sed
236 3130 294 3168 une
311 3115 380 3168 ltin
391 3129 479 3183 marg.
493 3113 555 3172 Set.
584 3129 635 3168 orn.
649 3131 693 3170 ro.
803 3119 837 3168 14
858 3112 933 3168 unde
951 3119 979 3166 Τ.
1011 3111 1077 3168 inde
1096 3129 1121 3170 r.
1153 3114 1186 3167 ut

80 3233 83 3237 .
167 3181 233 3239 inde
246 3201 271 3240 e.
297 3186 303 3253 l
325 3183 471 3250 duretinus
490 3201 512 3238 e.
540 3183 669 3240 dureeini
686 3185 772 3240 durus
790 3183 887 3242 ocinus
904 3184 1107 3241 eadmeri.
1134 3184 1185 3238 du·

166 3255 264 3310 recine
281 3255 390 3312 edtfel.
468 3261 502 3314 16
520 3255 649 3312 uiuent
731 3255 1009 3312 recontractus.
1036 3255 1183 3310 mitesro.

256 3331 290 3381 nt
314 3326 491 3397 leptorragas
515 3344 536 3382 o.
573 3343 668 3398 -roges
690 3334 721 3383 n.
754 3343 868 3399 -oroges
891 3327 1050 3384 redductt.
1080 3326 1184 3382 lector-

166 3401 312 3522 fflffabffro
359 3403 395 3522 ἓξ
409 3397 672 3538 ῗξαᾞθὲῗῑῗθιῗῗεέ
690 3397 1183 3540 ξξὶἷὲοὲίῖἷήεῃιῗῗυῗῑῖῗέἷῗ
1277 3453 1278 3458 '

165 3535 394 3672 ἕξιπᾍξῗνῗηι.
411 3539 532 3608 gloriam
549 3541 731 3611 praecipuum
748 3542 807 3598 edd.
818 3541 953 3603 aecem.
1024 3545 1059 3596 2ss
1076 3539 1184 3596 adfecit
