2636 3952
193 127 259 194 226
551 120 580 175 o.
599 122 700 178 roim
719 122 877 180 secunus

194 260 323 359 duntur,
354 281 414 339 vita
446 276 591 339 bimatum
622 291 683 333 non
715 275 832 334 transit.
884 276 963 335 ictus
996 293 1101 336 eorum
1132 275 1211 338 haud

195 376 309 430 temere
333 370 397 428 sine
421 365 498 428 febri
523 372 577 426 ast.
619 368 757 424 auctores
780 370 852 424 sunt
875 372 922 424 ter
944 366 1068 426 novenis
1091 367 1212 444 punctis

195 455 325 518 interfici
356 457 522 516 hominem«
572 451 698 513 aliorum
730 454 782 530 qui
814 453 949 513 mitiores
980 453 1120 514 videntur
1153 454 1211 516 duo

196 563 320 624 genera:
351 545 486 626 opificeS,
513 544 645 604 minores
668 559 807 621 corpore,
835 543 887 620 qui
909 544 1079 603 moriuntur
1106 542 1212 623 hieme,
1310 593 1311 610 r

143 640 178 688 74
196 643 307 696 matres
331 653 406 714 quae
424 633 545 693 biennio
564 631 682 692 durant.
717 629 750 690 hi
772 637 804 690 et
825 629 996 692 clementes.
1033 631 1120 692 nidos
1137 643 1240 692 'vareo

196 723 309 784 faciunt
336 723 399 784 iere
432 720 633 800 quadrifores‚
664 721 695 780 in
728 717 837 797 quihus
870 720 991 798 opifices
1023 728 1212 799 generentur.

173 804 175 808 ’
196 813 243 873 his
267 811 383 874 eductis
406 811 478 871 alios
502 807 609 871 deinde
632 810 760 868 maiores
783 807 869 868 nidos
891 808 1020 896 fipgunt‚
1049 811 1082 869 in
1105 809 1212 888 quibus

196 909 307 962 matres
337 901 455 978 futuras
483 898 659 978 producant.
711 899 769 957 iam
800 904 865 958 tum
894 899 1018 976 opifices
1047 899 1214 978 funguntur

197 1008 322 1052 munere
346 996 377 1050 et
398 995 525 1068 pascunt
549 1005 607 1047 eas.
652 985 739 1048 latior
762 993 892 1046 manum
919 988 1049 1068 species,
1077 987 1214 1048 dubium-

196 1098 255 1159 que
283 1097 321 1139 an
348 1077 476 1138 habeant
503 1075 636 1156 aculeos,
668 1076 738 1153 quia
766 1093 827 1134 non
854 1071 1071 1154 egrediuntur.¹
1109 1086 1140 1137 et
1167 1079 1212 1137 his
1226 1089 1252 1127 1⁰

197 1170 244 1229 sui
266 1168 337 1228 suci
383 1167 504 1246 quidam
527 1166 687 1244 opinantur
710 1162 848 1225 omnibus
875 1163 923 1224 his
946 1164 983 1224 ad
1006 1164 1136 1228 hiemem
1165 1166 1213 1226 de·

198 1257 297 1318 cidere
321 1255 449 1316 aculeos.
496 1272 552 1314 nec
575 1251 756 1314 crabronum
780 1259 880 1313 autem
904 1271 960 1314 nec
983 1271 1142 1334 vesparum
1165 1273 1214 1332 ge·

197 1347 263 1406 neri
286 1363 373 1423 reges
397 1351 448 1404 aut
471 1343 618 1422 examina,
641 1341 694 1401 sed
718 1339 844 1403 subinde
868 1350 1030 1402 renovatur
1053 1342 1214 1404 multitudo

197 1433 310 1494 subole.

145 1523 177 1572 75
266 1515 322 1583 22.
347 1513 421 1602 (25)
450 1519 596 1590 Quartum
623 1521 702 1578 inter
729 1518 803 1581 haec
830 1537 925 1598 genus
954 1507 1000 1580 est
1027 1519 1215 1601 bombycum,
1229 1532 1256 1572 ιε’»

194 1614 228 1676 ,in
255 1609 375 1688 Assyria
401 1610 594 1688 proveniens,
626 1609 721 1668 maius
752 1626 841 1686 quarn
871 1627 962 1688 supra
992 1609 1078 1670 dicta.
1130 1609 1214 1670 nidos

197 1698 261 1759 luto
283 1699 401 1776 fingcmt
419 1697 488 1757 salis
508 1697 616 1778 speeie,
639 1695 801 1777 adplicatos
823 1696 923 1779 lapidi,
946 1705 1028 1758 tanta
1050 1698 1157 1759 duritia
1180 1705 1214 1757 ut

199 1786 321 1866 spiculis
344 1786 491 1866 perforari
514 1788 561 1845 vix
584 1787 709 1866 possint.
753 1789 786 1847 in
813 1786 861 1847 his
884 1805 968 1848 ceras
991 1787 1103 1866 largius
1126 1789 1215 1866 quam
1310 1789 1313 1844 t

198 1895 269 1954 apes
292 1875 419 1957 faciunt,
442 1875 511 1934 dein
533 1875 676 1935 maiorem
699 1874 904 1938 vermiculum.

145 1975 179 2024 76
268 1957 341 2046 (26)
372 1963 411 2024 Et
437 1962 493 2024 alia
523 1963 631 2024 horum
661 1965 753 2043 origo.
799 1984 835 2026 ex
865 1965 1022 2044 grandiore
1053 1963 1261 2026 vermiculum

198 2056 314 2132 gemina
342 2053 523 2132 protendens
552 2054 599 2112 sui
628 2055 747 2131 generis
778 2073 925 2116 cornuum
954 2055 1038 2114 urica
1067 2055 1113 2136 nt,
1145 2053 1217 2114 dein

198 2143 279 2224 quod
301 2149 424 2202 vocatur
446 2140 606 2221 bombylis‚
634 2159 671 2200 ex
694 2160 728 2201 ea
751 2142 936 2224 necydallus‚
963 2161 1001 2204 ex
1028 2143 1139 2204 hocin
1162 2161 1217 2203 sex

198 2231 352 2292 mensibus
389 2228 525 2310 bombyx.
584 2229 677 2291 telas
695 2249 873 2293 araneorum
908 2232 998 2293 modo
1034 2239 1153 2306 texunt—
1178 2233 1216 2292 ad

197 2329 313 2381 vestem
335 2319 497 2398 luxumque
521 2319 712 2402 feminarum,
736 2339 811 2400 quae
835 2315 1012 2401 bombycina
1039 2319 1215 2401 appellatum,

198 2411 294 2487 prima
317 2427 367 2468 eas
390 2406 539 2468 redordiri
561 2426 726 2487 rursusque
749 2417 852 2471 texere
876 2412 989 2470 invenit
1011 2413 1042 2476 in
1065 2408 1127 2470 Coo
1150 2425 1217 2470 mu·
1235 2425 1265 2464 ee

198 2497 253 2559 lier
272 2495 434 2578 Pamphile,
456 2495 556 2557 Platae
574 2497 643 2577 tilia,
660 2516 721 2559 non
739 2499 902 2560 fraudanda
920 2499 1013 2578 gloria
1032 2501 1217 2577 excogitatae

199 2587 322 2646 rationis
345 2592 381 2645 ut
403 2584 534 2646 denudet
556 2586 681 2646 feminas
704 2589 803 2648 vestis.

145 2684 178 2732 77
268 2669 325 2736 23.
350 2667 425 2756 (27)
454 2673 618 2753 Bombycas
645 2683 675 2736 et
702 2678 733 2736 in
762 2675 822 2736 Coo
850 2675 947 2737 insula
974 2679 1056 2736 nasci
1084 2677 1218 2758 tradunt,

271 2899 363 2953 iheu
381 2903 416 2952 u.
514 2900 668 2954 atemerss
686 2905 718 2953 R.
751 2915 857 2955 emeres
876 2905 900 2954 d.
926 2900 1015 2971 tsine
1033 2906 1089 2955 Bo.
1122 2901 1165 2954 sin
1182 2907 1216 2955 n.

196 2971 226 3023 in
244 2987 268 3024 r.
342 2975 358 3022 4
377 2969 563 3024 moriunturo
582 2986 616 3024 coc
630 2971 717 3026 Arist.
731 2971 757 3026 iv.
771 2989 797 3027 c.
813 2975 859 3024 IX
867 2977 900 3027 41
916 2989 947 3041 p.
959 2973 1097 3038 628Α,4.
1117 2971 1170 3026 ori-
1186 2974 1215 3026 ll.

269 3046 285 3095 o
310 3059 348 3096 on
365 3041 420 3095 hae
439 3039 490 3095 et?
523 3041 572 3108 cfr.
593 3041 678 3098 Arist.
699 3043 716 3096 l.
736 3044 753 3097 l.
773 3059 797 3098 o.
817 3048 843 3099 3.
934 3050 951 3099 6
973 3046 1141 3114 generantis
1158 3048 1218 3098 Be

197 3128 266 3166 corr.
286 3117 311 3166 d.
395 3117 427 3166 10
446 3112 533 3166 hiso.
565 3112 595 3166 in
614 3114 642 3168 ll.
725 3118 870 3170 alsuca.
897 3116 901 3184 t
925 3115 983 3170 fuci
1001 3119 1047 3170 do.
1080 3114 1215 3170 focium.

196 3184 250 3238 foti
269 3203 293 3239 a.
385 3189 418 3238 15
441 3185 573 3252 quartum
591 3189 637 3240 da.
669 3203 744 3239 -rum
761 3184 784 3239 ν’.
890 3191 923 3241 17
946 3185 1035 3256 lapidi
1053 3203 1078 3240 o.
1108 3186 1154 3240 -ds
1173 3186 1215 3240 (Ρ.

196 3254 285 3309 latide
303 3272 327 3309 r.
415 3260 449 3308 18
467 3255 497 3309 in
515 3255 560 3310 his
577 3260 630 3310 Bd.
662 3259 745 3311 utus
763 3264 793 3310 n.
825 3260 858 3310 ut
876 3275 900 3310 a.
926 3257 1061 3327 ilergius
1080 3257 1144 3323 ido,
1166 3259 1217 3312 sed

196 3325 283 3381 Arist.
301 3328 327 3381 h.
346 3343 373 3381 o.
388 3329 416 3378 V
421 3331 459 3382 24
474 3343 505 3396 p.
515 3327 653 3383 555A18
671 3331 836 3396 ὠχρότεροε,
913 3333 948 3382 20
967 3345 1001 3383 ex
1019 3333 1044 3382 d.
1072 3345 1107 3384 ea
1124 3329 1216 3386 redd.

194 3402 256 3450 cett.
285 3397 402 3452 eBord.
475 3399 661 3453 21suis1tR.
685 3402 689 3468 Ι
711 3400 791 3454 urica
808 3401 878 3455 coni.
897 3399 989 3456 Hord.
1018 3417 1077 3454 -ces
1096 3401 1124 3454 11.
1151 3417 1217 3455 eru-

195 3483 229 3520 es
246 3483 271 3522 o.
288 3469 293 3535 Ι
308 3469 372 3522 fiR.
445 3475 479 3524 22
497 3469 634 3539 incydalis
652 3476 677 3525 d.
749 3477 783 3526 25
802 3471 1006 3527 recordor-1121.
1035 3471 1171 3528 retardari
1189 3477 1216 3527 d.

197 3539 303 3605 -rqusri
320 3557 345 3593 a.
441 3547 475 3596 26
498 3541 597 3596 Platae
619 3544 678 3598 cod.
697 3542 780 3612 oluff.
810 3545 929 3599 Πλάτεω
947 3543 1034 3599 Arist.
1053 3545 1079 3598 ia.
1097 3561 1124 3600 o.
1145 3547 1174 3596 V
1179 3549 1217 3598 19

194 3622 222 3674 p.
232 3612 285 3662 551
295 3609 333 3677 B,
341 3615 386 3666 16.
414 3612 526 3680 plateae
544 3629 588 3667 ro.
661 3620 695 3668 28
713 3615 830 3671 tandum
846 3617 905 3672 edd.
921 3615 977 3671 oet.
1006 3617 1064 3670 tur
1082 3616 1110 3670 ll.
