<?xml version="1.0" encoding="UTF-8"?>
<!DOCTYPE html PUBLIC "-//W3C//DTD XHTML 1.0 Transitional//EN"
    "http://www.w3.org/TR/xhtml1/DTD/xhtml1-transitional.dtd">
<html xmlns="http://www.w3.org/1999/xhtml" xml:lang="en" lang="en">
 <head>
  <title>
</title>
<meta http-equiv="Content-Type" content="text/html;charset=utf-8" />
  <meta name='ocr-system' content='tesseract 3.04.00' />
  <meta name='ocr-capabilities' content='ocr_page ocr_carea ocr_par ocr_line ocrx_word'/>
</head>
<body>
  <div class='ocr_page' id='page_1' title='image "./cplinisecundina02mayhgoog_0130.png"; bbox 0 0 2620 3948; ppageno 0'>
   <div class='ocr_carea' id='block_1_1' title="bbox 345 189 1126 258">
    <p class='ocr_par' dir='ltr' id='par_1_1' title="bbox 345 189 1126 258">
     <span class='ocr_line' id='line_1_1' title="bbox 345 189 1126 258; baseline 0.004 -16"><span class='ocrx_word' id='word_1_1' title='bbox 345 189 429 242; x_wconf 73' lang='lat' dir='ltr'>uer.</span> <span class='ocrx_word' id='word_1_2' title='bbox 448 189 540 242; x_wconf 86' lang='lat' dir='ltr'>msr.</span> <span class='ocrx_word' id='word_1_3' title='bbox 560 189 624 242; x_wconf 81' lang='lat' dir='ltr'>uin</span> <span class='ocrx_word' id='word_1_4' title='bbox 643 195 748 242; x_wconf 80' lang='lat' dir='ltr'>ae-ae</span> <span class='ocrx_word' id='word_1_5' title='bbox 769 189 895 258; x_wconf 73' lang='lat' dir='ltr'>(so-51)</span> <span class='ocrx_word' id='word_1_6' title='bbox 1084 189 1126 252; x_wconf 78' lang='lat'>85</span> 
     </span>
    </p>
   </div>
   <div class='ocr_carea' id='block_1_2' title="bbox 23 337 1223 2991">
    <p class='ocr_par' dir='ltr' id='par_1_2' title="bbox 23 337 1180 684">
     <span class='ocr_line' id='line_1_2' title="bbox 23 337 1127 418; baseline -0.001 -20"><span class='ocrx_word' id='word_1_7' title='bbox 23 347 27 358; x_wconf 74' lang='grc'><em>“</em></span> <span class='ocrx_word' id='word_1_8' title='bbox 114 347 215 398; x_wconf 88' lang='lat' dir='ltr'>contra</span> <span class='ocrx_word' id='word_1_9' title='bbox 252 356 370 397; x_wconf 89' lang='lat' dir='ltr'>morsus</span> <span class='ocrx_word' id='word_1_10' title='bbox 407 356 476 397; x_wconf 90' lang='lat' dir='ltr'>vero</span> <span class='ocrx_word' id='word_1_11' title='bbox 509 341 702 418; x_wconf 89' lang='lat' dir='ltr'>praecipuum</span> <span class='ocrx_word' id='word_1_12' title='bbox 734 337 899 398; x_wconf 89' lang='lat' dir='ltr'>remedium</span> <span class='ocrx_word' id='word_1_13' title='bbox 936 358 971 399; x_wconf 84' lang='lat' dir='ltr'>er</span> <span class='ocrx_word' id='word_1_14' title='bbox 1005 338 1127 418; x_wconf 84' lang='lat' dir='ltr'>coagulo</span> 
     </span>
     <span class='ocr_line' id='line_1_3' title="bbox 114 426 1180 488; baseline -0.004 -1"><span class='ocrx_word' id='word_1_15' title='bbox 114 426 245 487; x_wconf 84' lang='lat' dir='ltr'>hinnulei</span> <span class='ocrx_word' id='word_1_16' title='bbox 273 428 376 486; x_wconf 89' lang='lat' dir='ltr'>matris</span> <span class='ocrx_word' id='word_1_17' title='bbox 403 429 435 486; x_wconf 92' lang='lat' dir='ltr'>in</span> <span class='ocrx_word' id='word_1_18' title='bbox 463 435 549 487; x_wconf 86' lang='lat' dir='ltr'>utero</span> <span class='ocrx_word' id='word_1_19' title='bbox 577 429 676 487; x_wconf 86' lang='lat' dir='ltr'>occisi.</span> <span class='ocrx_word' id='word_1_20' title='bbox 722 429 780 487; x_wconf 89' lang='lat' dir='ltr'>vita</span> <span class='ocrx_word' id='word_1_21' title='bbox 804 426 899 488; x_wconf 85' lang='lat' dir='ltr'>cervis</span> <span class='ocrx_word' id='word_1_22' title='bbox 927 430 957 488; x_wconf 93' lang='lat' dir='ltr'>in</span> <span class='ocrx_word' id='word_1_23' title='bbox 981 428 1180 488; x_wconf 77' lang='lat' dir='ltr'>confessolie</span> 
     </span>
     <span class='ocr_line' id='line_1_4' title="bbox 113 513 1127 596; baseline 0 -20"><span class='ocrx_word' id='word_1_24' title='bbox 113 515 212 596; x_wconf 84' lang='lat' dir='ltr'>longa,</span> <span class='ocrx_word' id='word_1_25' title='bbox 243 522 311 594; x_wconf 89' lang='lat' dir='ltr'>post</span> <span class='ocrx_word' id='word_1_26' title='bbox 339 522 461 575; x_wconf 90' lang='lat' dir='ltr'>centum</span> <span class='ocrx_word' id='word_1_27' title='bbox 487 534 581 576; x_wconf 92' lang='lat' dir='ltr'>annos</span> <span class='ocrx_word' id='word_1_28' title='bbox 609 535 625 575; x_wconf 92' lang='lat' dir='ltr'>a</span> <span class='ocrx_word' id='word_1_29' title='bbox 648 513 824 594; x_wconf 86' lang='lat' dir='ltr'>quibusdam</span> <span class='ocrx_word' id='word_1_30' title='bbox 853 518 947 596; x_wconf 88' lang='lat' dir='ltr'>captis</span> <span class='ocrx_word' id='word_1_31' title='bbox 974 535 1044 577; x_wconf 87' lang='lat' dir='ltr'>eum</span> <span class='ocrx_word' id='word_1_32' title='bbox 1067 524 1127 576; x_wconf 87' lang='lat' dir='ltr'>tor-</span> 
     </span>
     <span class='ocr_line' id='line_1_5' title="bbox 114 603 1128 684; baseline 0 -20"><span class='ocrx_word' id='word_1_33' title='bbox 114 603 221 684; x_wconf 84' lang='lat' dir='ltr'>quibus</span> <span class='ocrx_word' id='word_1_34' title='bbox 245 605 344 664; x_wconf 91' lang='lat' dir='ltr'>aureis</span> <span class='ocrx_word' id='word_1_35' title='bbox 368 621 442 683; x_wconf 92' lang='lat' dir='ltr'>quos</span> <span class='ocrx_word' id='word_1_36' title='bbox 466 604 631 665; x_wconf 79' lang='lat' dir='ltr'><strong>Alexander</strong></span> <span class='ocrx_word' id='word_1_37' title='bbox 653 603 777 684; x_wconf 83' lang='lat' dir='ltr'>Magnus</span> <span class='ocrx_word' id='word_1_38' title='bbox 804 604 955 665; x_wconf 75' lang='lat' dir='ltr'>addiderat</span> <span class='ocrx_word' id='word_1_39' title='bbox 978 605 1128 684; x_wconf 90' lang='lat' dir='ltr'>adopertis</span> 
     </span>
    </p>

    <p class='ocr_par' dir='ltr' id='par_1_3' title="bbox 86 692 1129 1130">
     <span class='ocr_line' id='line_1_6' title="bbox 86 692 1129 772; baseline 0.006 -24"><span class='ocrx_word' id='word_1_40' title='bbox 86 695 171 754; x_wconf 77' lang='lat' dir='ltr'>aiam</span> <span class='ocrx_word' id='word_1_41' title='bbox 194 700 262 754; x_wconf 91' lang='lat' dir='ltr'>cute</span> <span class='ocrx_word' id='word_1_42' title='bbox 285 695 317 753; x_wconf 95' lang='lat' dir='ltr'>in</span> <span class='ocrx_word' id='word_1_43' title='bbox 340 711 445 772; x_wconf 82' lang='lat' dir='ltr'>magna</span> <span class='ocrx_word' id='word_1_44' title='bbox 467 692 620 754; x_wconf 77' lang='lat' dir='ltr'>obesitate.</span> <span class='ocrx_word' id='word_1_45' title='bbox 660 692 788 754; x_wconf 79' lang='lat' dir='ltr'>febrium</span> <span class='ocrx_word' id='word_1_46' title='bbox 811 693 931 754; x_wconf 84' lang='lat' dir='ltr'>morbos</span> <span class='ocrx_word' id='word_1_47' title='bbox 955 713 1014 754; x_wconf 90' lang='lat' dir='ltr'>non</span> <span class='ocrx_word' id='word_1_48' title='bbox 1038 696 1129 754; x_wconf 88' lang='lat' dir='ltr'>sentit</span> 
     </span>
     <span class='ocr_line' id='line_1_7' title="bbox 113 781 1127 862; baseline 0 -21"><span class='ocrx_word' id='word_1_49' title='bbox 113 782 169 843; x_wconf 89' lang='lat' dir='ltr'>hoe</span> <span class='ocrx_word' id='word_1_50' title='bbox 192 782 309 862; x_wconf 88' lang='lat' dir='ltr'>animal,</span> <span class='ocrx_word' id='word_1_51' title='bbox 332 783 404 860; x_wconf 85' lang='lat' dir='ltr'>quin</span> <span class='ocrx_word' id='word_1_52' title='bbox 427 789 458 842; x_wconf 90' lang='lat' dir='ltr'>et</span> <span class='ocrx_word' id='word_1_53' title='bbox 480 781 617 843; x_wconf 89' lang='lat' dir='ltr'>medetur</span> <span class='ocrx_word' id='word_1_54' title='bbox 639 781 709 842; x_wconf 90' lang='lat' dir='ltr'>huic</span> <span class='ocrx_word' id='word_1_55' title='bbox 733 784 841 844; x_wconf 90' lang='lat' dir='ltr'>timori.</span> <span class='ocrx_word' id='word_1_56' title='bbox 876 782 1017 862; x_wconf 87' lang='lat' dir='ltr'>quasdam</span> <span class='ocrx_word' id='word_1_57' title='bbox 1040 782 1127 842; x_wconf 91' lang='lat' dir='ltr'>modo</span> 
     </span>
     <span class='ocr_line' id='line_1_8' title="bbox 113 870 1129 950; baseline -0.002 -18"><span class='ocrx_word' id='word_1_58' title='bbox 113 872 263 950; x_wconf 76' lang='lat' dir='ltr'>principes</span> <span class='ocrx_word' id='word_1_59' title='bbox 283 871 407 930; x_wconf 84' lang='lat' dir='ltr'>feminas</span> <span class='ocrx_word' id='word_1_60' title='bbox 426 872 537 932; x_wconf 89' lang='lat' dir='ltr'>scimus</span> <span class='ocrx_word' id='word_1_61' title='bbox 556 870 694 931; x_wconf 91' lang='lat' dir='ltr'>omnibus</span> <span class='ocrx_word' id='word_1_62' title='bbox 713 871 819 931; x_wconf 92' lang='lat' dir='ltr'>diebus</span> <span class='ocrx_word' id='word_1_63' title='bbox 838 873 989 932; x_wconf 81' lang='lat' dir='ltr'>matutinis</span> <span class='ocrx_word' id='word_1_64' title='bbox 1009 890 1129 932; x_wconf 88' lang='lat' dir='ltr'>carnem</span> 
     </span>
     <span class='ocr_line' id='line_1_9' title="bbox 114 949 1129 1041; baseline 0 -21"><span class='ocrx_word' id='word_1_65' title='bbox 114 977 179 1020; x_wconf 83' lang='lat' dir='ltr'>eam</span> <span class='ocrx_word' id='word_1_66' title='bbox 197 959 356 1038; x_wconf 79' lang='lat' dir='ltr'>degustare</span> <span class='ocrx_word' id='word_1_67' title='bbox 376 959 476 1020; x_wconf 88' lang='lat' dir='ltr'>solitas</span> <span class='ocrx_word' id='word_1_68' title='bbox 496 968 526 1020; x_wconf 88' lang='lat' dir='ltr'>et</span> <span class='ocrx_word' id='word_1_69' title='bbox 538 960 627 1039; x_wconf 84' lang='lat' dir='ltr'>longo</span> <span class='ocrx_word' id='word_1_70' title='bbox 646 978 717 1020; x_wconf 84' lang='lat' dir='ltr'>aevo</span> <span class='ocrx_word' id='word_1_71' title='bbox 737 962 868 1020; x_wconf 89' lang='lat' dir='ltr'>caruisse</span> <span class='ocrx_word' id='word_1_72' title='bbox 883 949 1026 1041; x_wconf 82' lang='lat' dir='ltr'>febribus,</span> <span class='ocrx_word' id='word_1_73' title='bbox 1049 959 1129 1038; x_wconf 90' lang='lat' dir='ltr'>quod</span> 
     </span>
     <span class='ocr_line' id='line_1_10' title="bbox 113 1047 1080 1130; baseline 0 -22"><span class='ocrx_word' id='word_1_74' title='bbox 113 1050 153 1110; x_wconf 88' lang='lat' dir='ltr'>ita</span> <span class='ocrx_word' id='word_1_75' title='bbox 176 1049 297 1109; x_wconf 80' lang='lat' dir='ltr'>denium</span> <span class='ocrx_word' id='word_1_76' title='bbox 320 1049 489 1108; x_wconf 88' lang='lat' dir='ltr'>existimant</span> <span class='ocrx_word' id='word_1_77' title='bbox 511 1057 622 1130; x_wconf 91' lang='lat' dir='ltr'>ratum,</span> <span class='ocrx_word' id='word_1_78' title='bbox 645 1052 670 1108; x_wconf 92' lang='lat' dir='ltr'>si</span> <span class='ocrx_word' id='word_1_79' title='bbox 694 1047 816 1108; x_wconf 86' lang='lat' dir='ltr'>vulnere</span> <span class='ocrx_word' id='word_1_80' title='bbox 840 1067 899 1108; x_wconf 84' lang='lat' dir='ltr'>urm</span> <span class='ocrx_word' id='word_1_81' title='bbox 923 1051 1080 1108; x_wconf 87' lang='lat' dir='ltr'>interierit.</span> 
     </span>
    </p>

    <p class='ocr_par' dir='ltr' id='par_1_4' title="bbox 73 1131 1223 1396">
     <span class='ocr_line' id='line_1_11' title="bbox 73 1131 1183 1218; baseline -0.001 -24"><span class='ocrx_word' id='word_1_82' title='bbox 73 1151 99 1194; x_wconf 82' lang='lat' dir='ltr'>ro</span> <span class='ocrx_word' id='word_1_83' title='bbox 182 1131 240 1199; x_wconf 79' lang='lat'>33.</span> <span class='ocrx_word' id='word_1_84' title='bbox 292 1136 347 1196; x_wconf 88' lang='lat' dir='ltr'>Est</span> <span class='ocrx_word' id='word_1_85' title='bbox 374 1137 477 1198; x_wconf 89' lang='lat' dir='ltr'>eadem</span> <span class='ocrx_word' id='word_1_86' title='bbox 505 1140 618 1218; x_wconf 89' lang='lat' dir='ltr'>speeie,</span> <span class='ocrx_word' id='word_1_87' title='bbox 650 1137 741 1197; x_wconf 91' lang='lat' dir='ltr'>barba</span> <span class='ocrx_word' id='word_1_88' title='bbox 769 1144 884 1198; x_wconf 88' lang='lat' dir='ltr'>tantum</span> <span class='ocrx_word' id='word_1_89' title='bbox 913 1145 942 1197; x_wconf 87' lang='lat' dir='ltr'>et</span> <span class='ocrx_word' id='word_1_90' title='bbox 970 1145 1183 1197; x_wconf 79' lang='lat' dir='ltr'>armorumtao</span> 
     </span>
     <span class='ocr_line' id='line_1_12' title="bbox 113 1224 1223 1306; baseline -0.002 -20"><span class='ocrx_word' id='word_1_91' title='bbox 113 1225 182 1286; x_wconf 83' lang='lat' dir='ltr'>rillo</span> <span class='ocrx_word' id='word_1_92' title='bbox 205 1224 331 1306; x_wconf 88' lang='lat' dir='ltr'>distans,</span> <span class='ocrx_word' id='word_1_93' title='bbox 362 1244 451 1304; x_wconf 91' lang='lat' dir='ltr'>quem</span> <span class='ocrx_word' id='word_1_94' title='bbox 478 1225 687 1302; x_wconf 80' lang='grc' dir='ltr'>τραγέλαφον</span> <span class='ocrx_word' id='word_1_95' title='bbox 716 1235 833 1306; x_wconf 85' lang='lat' dir='ltr'>vocant,</span> <span class='ocrx_word' id='word_1_96' title='bbox 864 1245 923 1285; x_wconf 93' lang='lat' dir='ltr'>non</span> <span class='ocrx_word' id='word_1_97' title='bbox 949 1225 1019 1286; x_wconf 88' lang='lat' dir='ltr'>alibi</span> <span class='ocrx_word' id='word_1_98' title='bbox 1042 1240 1130 1304; x_wconf 90' lang='lat' dir='ltr'>quam</span> <span class='ocrx_word' id='word_1_99' title='bbox 1218 1292 1223 1305; x_wconf 24' lang='lat' dir='ltr'>x</span> 
     </span>
     <span class='ocr_line' id='line_1_13' title="bbox 113 1314 634 1396; baseline 0 -22"><span class='ocrx_word' id='word_1_100' title='bbox 113 1316 203 1378; x_wconf 83' lang='lat' dir='ltr'>iuxta</span> <span class='ocrx_word' id='word_1_101' title='bbox 218 1314 337 1396; x_wconf 84' lang='lat' dir='ltr'>Pbasim</span> <span class='ocrx_word' id='word_1_102' title='bbox 360 1333 476 1374; x_wconf 88' lang='lat' dir='ltr'>amnem</span> <span class='ocrx_word' id='word_1_103' title='bbox 500 1333 634 1375; x_wconf 87' lang='lat' dir='ltr'>nascens.</span> 
     </span>
    </p>

    <p class='ocr_par' dir='ltr' id='par_1_5' title="bbox 71 1395 1182 2015">
     <span class='ocr_line' id='line_1_14' title="bbox 182 1395 1131 1487; baseline -0.001 -24"><span class='ocrx_word' id='word_1_104' title='bbox 182 1395 256 1487; x_wconf 82' lang='lat'>(51)</span> <span class='ocrx_word' id='word_1_105' title='bbox 302 1402 413 1464; x_wconf 81' lang='lat' dir='ltr'>Cervos</span> <span class='ocrx_word' id='word_1_106' title='bbox 436 1404 533 1463; x_wconf 80' lang='lat' dir='ltr'>Africa</span> <span class='ocrx_word' id='word_1_107' title='bbox 557 1403 773 1483; x_wconf 88' lang='lat' dir='ltr'>propemodum</span> <span class='ocrx_word' id='word_1_108' title='bbox 796 1403 857 1463; x_wconf 91' lang='lat' dir='ltr'>sola</span> <span class='ocrx_word' id='word_1_109' title='bbox 881 1422 940 1462; x_wconf 91' lang='lat' dir='ltr'>non</span> <span class='ocrx_word' id='word_1_110' title='bbox 964 1404 1070 1482; x_wconf 84' lang='lat' dir='ltr'>gignit,</span> <span class='ocrx_word' id='word_1_111' title='bbox 1101 1410 1131 1462; x_wconf 93' lang='lat' dir='ltr'>at</span> 
     </span>
     <span class='ocr_line' id='line_1_15' title="bbox 114 1490 1130 1572; baseline 0 -20"><span class='ocrx_word' id='word_1_112' title='bbox 114 1491 353 1552; x_wconf 82' lang='lat' dir='ltr'>chamaeleonem</span> <span class='ocrx_word' id='word_1_113' title='bbox 388 1501 417 1552; x_wconf 90' lang='lat' dir='ltr'>et</span> <span class='ocrx_word' id='word_1_114' title='bbox 449 1495 525 1572; x_wconf 87' lang='lat' dir='ltr'>ipsa,</span> <span class='ocrx_word' id='word_1_115' title='bbox 563 1511 741 1572; x_wconf 89' lang='lat' dir='ltr'>quamquam</span> <span class='ocrx_word' id='word_1_116' title='bbox 775 1493 1009 1570; x_wconf 79' lang='lat' dir='ltr'>frequentiorem</span> <span class='ocrx_word' id='word_1_117' title='bbox 1039 1490 1130 1552; x_wconf 89' lang='lat' dir='ltr'>India.</span> 
     </span>
     <span class='ocr_line' id='line_1_16' title="bbox 71 1581 1131 1663; baseline 0.001 -25"><span class='ocrx_word' id='word_1_118' title='bbox 71 1581 208 1660; x_wconf 75' lang='lat' dir='ltr'>augura</span> <span class='ocrx_word' id='word_1_119' title='bbox 238 1589 267 1641; x_wconf 90' lang='lat' dir='ltr'>et</span> <span class='ocrx_word' id='word_1_120' title='bbox 294 1581 465 1658; x_wconf 86' lang='lat' dir='ltr'>magnitudo</span> <span class='ocrx_word' id='word_1_121' title='bbox 495 1589 558 1642; x_wconf 91' lang='lat' dir='ltr'>erat</span> <span class='ocrx_word' id='word_1_122' title='bbox 586 1581 701 1663; x_wconf 82' lang='lat' dir='ltr'>lacerti,</span> <span class='ocrx_word' id='word_1_123' title='bbox 732 1583 790 1641; x_wconf 90' lang='lat' dir='ltr'>nisi</span> <span class='ocrx_word' id='word_1_124' title='bbox 814 1599 901 1641; x_wconf 88' lang='lat' dir='ltr'>crura</span> <span class='ocrx_word' id='word_1_125' title='bbox 926 1587 1025 1640; x_wconf 88' lang='lat' dir='ltr'>essent</span> <span class='ocrx_word' id='word_1_126' title='bbox 1047 1588 1131 1662; x_wconf 85' lang='lat' dir='ltr'>recta</span> 
     </span>
     <span class='ocr_line' id='line_1_17' title="bbox 114 1668 1130 1750; baseline -0.002 -21"><span class='ocrx_word' id='word_1_127' title='bbox 114 1677 145 1730; x_wconf 91' lang='lat' dir='ltr'>et</span> <span class='ocrx_word' id='word_1_128' title='bbox 168 1670 339 1729; x_wconf 84' lang='lat' dir='ltr'>excelsiora.</span> <span class='ocrx_word' id='word_1_129' title='bbox 367 1669 459 1730; x_wconf 90' lang='lat' dir='ltr'>latera</span> <span class='ocrx_word' id='word_1_130' title='bbox 478 1672 574 1730; x_wconf 87' lang='lat' dir='ltr'>ventri</span> <span class='ocrx_word' id='word_1_131' title='bbox 593 1673 758 1750; x_wconf 85' lang='lat' dir='ltr'>iunguntur</span> <span class='ocrx_word' id='word_1_132' title='bbox 782 1679 815 1730; x_wconf 90' lang='lat' dir='ltr'>ut</span> <span class='ocrx_word' id='word_1_133' title='bbox 832 1668 974 1750; x_wconf 70' lang='lat' dir='ltr'>piscibus</span> <span class='ocrx_word' id='word_1_134' title='bbox 998 1677 1028 1728; x_wconf 90' lang='lat' dir='ltr'>et</span> <span class='ocrx_word' id='word_1_135' title='bbox 1047 1671 1130 1748; x_wconf 89' lang='lat' dir='ltr'>spina</span> 
     </span>
     <span class='ocr_line' id='line_1_18' title="bbox 114 1757 1182 1841; baseline -0.004 -24"><span class='ocrx_word' id='word_1_136' title='bbox 114 1758 204 1818; x_wconf 86' lang='lat' dir='ltr'>simili</span> <span class='ocrx_word' id='word_1_137' title='bbox 227 1758 314 1818; x_wconf 90' lang='lat' dir='ltr'>modo</span> <span class='ocrx_word' id='word_1_138' title='bbox 338 1761 457 1818; x_wconf 89' lang='lat' dir='ltr'>eminet.</span> <span class='ocrx_word' id='word_1_139' title='bbox 491 1767 632 1841; x_wconf 88' lang='lat' dir='ltr'>rostrum,</span> <span class='ocrx_word' id='word_1_140' title='bbox 656 1761 741 1820; x_wconf 90' lang='lat' dir='ltr'>utin</span> <span class='ocrx_word' id='word_1_141' title='bbox 765 1777 864 1839; x_wconf 90' lang='lat' dir='ltr'>parvo,</span> <span class='ocrx_word' id='word_1_142' title='bbox 886 1757 964 1819; x_wconf 89' lang='lat' dir='ltr'>haud</span> <span class='ocrx_word' id='word_1_143' title='bbox 989 1757 1182 1817; x_wconf 70' lang='lat' dir='ltr'>absimilem</span> 
     </span>
     <span class='ocr_line' id='line_1_19' title="bbox 114 1845 1130 1927; baseline -0.002 -20"><span class='ocrx_word' id='word_1_144' title='bbox 114 1846 212 1927; x_wconf 90' lang='lat' dir='ltr'>suillo,</span> <span class='ocrx_word' id='word_1_145' title='bbox 235 1847 328 1907; x_wconf 89' lang='lat' dir='ltr'>cauda</span> <span class='ocrx_word' id='word_1_146' title='bbox 342 1847 500 1926; x_wconf 82' lang='lat' dir='ltr'>praelonga</span> <span class='ocrx_word' id='word_1_147' title='bbox 519 1851 549 1907; x_wconf 94' lang='lat' dir='ltr'>in</span> <span class='ocrx_word' id='word_1_148' title='bbox 564 1850 739 1908; x_wconf 86' lang='lat' dir='ltr'>tenuitatem</span> <span class='ocrx_word' id='word_1_149' title='bbox 759 1847 906 1927; x_wconf 90' lang='lat' dir='ltr'>desinens,</span> <span class='ocrx_word' id='word_1_150' title='bbox 925 1845 1080 1925; x_wconf 88' lang='lat' dir='ltr'>implicans</span> <span class='ocrx_word' id='word_1_151' title='bbox 1099 1865 1130 1905; x_wconf 91' lang='lat' dir='ltr'>se</span> 
     </span>
     <span class='ocr_line' id='line_1_20' title="bbox 113 1934 1130 2015; baseline -0.001 -21"><span class='ocrx_word' id='word_1_152' title='bbox 113 1937 258 2015; x_wconf 88' lang='lat' dir='ltr'>viperinis</span> <span class='ocrx_word' id='word_1_153' title='bbox 281 1935 417 2014; x_wconf 77' lang='lat' dir='ltr'>orbibuS,</span> <span class='ocrx_word' id='word_1_154' title='bbox 441 1955 557 2014; x_wconf 84' lang='lat' dir='ltr'>ungues</span> <span class='ocrx_word' id='word_1_155' title='bbox 580 1936 700 2015; x_wconf 89' lang='lat' dir='ltr'>adunci,</span> <span class='ocrx_word' id='word_1_156' title='bbox 725 1944 822 1996; x_wconf 85' lang='lat' dir='ltr'>motus</span> <span class='ocrx_word' id='word_1_157' title='bbox 846 1934 959 1995; x_wconf 88' lang='lat' dir='ltr'>tardior</span> <span class='ocrx_word' id='word_1_158' title='bbox 981 1943 1015 1994; x_wconf 91' lang='lat' dir='ltr'>ut</span> <span class='ocrx_word' id='word_1_159' title='bbox 1038 1942 1130 1995; x_wconf 85' lang='lat' dir='ltr'>testu·</span> 
     </span>
    </p>

    <p class='ocr_par' dir='ltr' id='par_1_6' title="bbox 70 2024 1184 2458">
     <span class='ocr_line' id='line_1_21' title="bbox 70 2024 1132 2104; baseline 0.003 -25"><span class='ocrx_word' id='word_1_160' title='bbox 70 2041 99 2078; x_wconf 77' lang='grc'>00</span> <span class='ocrx_word' id='word_1_161' title='bbox 114 2025 186 2104; x_wconf 90' lang='lat' dir='ltr'>dini,</span> <span class='ocrx_word' id='word_1_162' title='bbox 210 2043 321 2103; x_wconf 87' lang='lat' dir='ltr'>corpus</span> <span class='ocrx_word' id='word_1_163' title='bbox 340 2043 479 2102; x_wconf 88' lang='lat' dir='ltr'>asperum</span> <span class='ocrx_word' id='word_1_164' title='bbox 502 2043 559 2084; x_wconf 88' lang='lat' dir='ltr'>ceu</span> <span class='ocrx_word' id='word_1_165' title='bbox 578 2025 736 2104; x_wconf 81' lang='lat' dir='ltr'>crocodilo,</span> <span class='ocrx_word' id='word_1_166' title='bbox 759 2024 838 2084; x_wconf 91' lang='lat' dir='ltr'>oculi</span> <span class='ocrx_word' id='word_1_167' title='bbox 861 2026 890 2083; x_wconf 90' lang='lat' dir='ltr'>in</span> <span class='ocrx_word' id='word_1_168' title='bbox 911 2041 1033 2082; x_wconf 85' lang='lat' dir='ltr'>recessu</span> <span class='ocrx_word' id='word_1_169' title='bbox 1052 2041 1132 2103; x_wconf 91' lang='lat' dir='ltr'>cavo,</span> 
     </span>
     <span class='ocr_line' id='line_1_22' title="bbox 114 2111 1131 2193; baseline -0.004 -20"><span class='ocrx_word' id='word_1_170' title='bbox 114 2115 199 2174; x_wconf 90' lang='lat' dir='ltr'>tenui</span> <span class='ocrx_word' id='word_1_171' title='bbox 219 2113 398 2193; x_wconf 89' lang='lat' dir='ltr'>discrimine,</span> <span class='ocrx_word' id='word_1_172' title='bbox 420 2112 620 2192; x_wconf 84' lang='lat' dir='ltr'>praegrandes</span> <span class='ocrx_word' id='word_1_173' title='bbox 644 2121 674 2173; x_wconf 91' lang='lat' dir='ltr'>et</span> <span class='ocrx_word' id='word_1_174' title='bbox 692 2115 811 2191; x_wconf 87' lang='lat' dir='ltr'>corpori</span> <span class='ocrx_word' id='word_1_175' title='bbox 835 2111 1016 2171; x_wconf 88' lang='lat' dir='ltr'>concolores.</span> <span class='ocrx_word' id='word_1_176' title='bbox 1047 2128 1131 2170; x_wconf 90' lang='lat' dir='ltr'>num·</span> 
     </span>
     <span class='ocr_line' id='line_1_23' title="bbox 114 2197 1130 2282; baseline -0.005 -20"><span class='ocrx_word' id='word_1_177' title='bbox 114 2220 205 2280; x_wconf 88' lang='lat' dir='ltr'>quam</span> <span class='ocrx_word' id='word_1_178' title='bbox 229 2220 280 2262; x_wconf 90' lang='lat' dir='ltr'>eos</span> <span class='ocrx_word' id='word_1_179' title='bbox 304 2203 414 2282; x_wconf 89' lang='lat' dir='ltr'>operit,</span> <span class='ocrx_word' id='word_1_180' title='bbox 437 2219 493 2262; x_wconf 90' lang='lat' dir='ltr'>nec</span> <span class='ocrx_word' id='word_1_181' title='bbox 515 2201 644 2280; x_wconf 86' lang='lat' dir='ltr'>pupillae</span> <span class='ocrx_word' id='word_1_182' title='bbox 669 2208 750 2261; x_wconf 92' lang='lat' dir='ltr'>motu</span> <span class='ocrx_word' id='word_1_183' title='bbox 775 2199 827 2261; x_wconf 91' lang='lat' dir='ltr'>sed</span> <span class='ocrx_word' id='word_1_184' title='bbox 851 2202 943 2260; x_wconf 90' lang='lat' dir='ltr'>totius</span> <span class='ocrx_word' id='word_1_185' title='bbox 966 2197 1045 2259; x_wconf 90' lang='lat' dir='ltr'>oculi</span> <span class='ocrx_word' id='word_1_186' title='bbox 1067 2217 1130 2258; x_wconf 87' lang='lat' dir='ltr'>ver-</span> 
     </span>
     <span class='ocr_line' id='line_1_24' title="bbox 114 2287 1184 2370; baseline -0.005 -20"><span class='ocrx_word' id='word_1_187' title='bbox 114 2293 229 2352; x_wconf 88' lang='lat' dir='ltr'>satione</span> <span class='ocrx_word' id='word_1_188' title='bbox 254 2291 481 2368; x_wconf 88' lang='lat' dir='ltr'>circumaspicit.</span> <span class='ocrx_word' id='word_1_189' title='bbox 512 2292 576 2370; x_wconf 92' lang='lat' dir='ltr'>ipse</span> <span class='ocrx_word' id='word_1_190' title='bbox 600 2290 698 2350; x_wconf 88' lang='lat' dir='ltr'>celsus</span> <span class='ocrx_word' id='word_1_191' title='bbox 716 2290 809 2350; x_wconf 90' lang='lat' dir='ltr'>hianti</span> <span class='ocrx_word' id='word_1_192' title='bbox 833 2307 951 2368; x_wconf 88' lang='lat' dir='ltr'>semper</span> <span class='ocrx_word' id='word_1_193' title='bbox 970 2306 1022 2347; x_wconf 91' lang='lat' dir='ltr'>ore</span> <span class='ocrx_word' id='word_1_194' title='bbox 1042 2287 1184 2347; x_wconf 69' lang='lat' dir='ltr'>solustra</span> 
     </span>
     <span class='ocr_line' id='line_1_25' title="bbox 114 2375 1131 2458; baseline -0.004 -19"><span class='ocrx_word' id='word_1_195' title='bbox 114 2377 286 2439; x_wconf 83' lang='lat' dir='ltr'>animalium</span> <span class='ocrx_word' id='word_1_196' title='bbox 314 2397 369 2439; x_wconf 87' lang='lat' dir='ltr'>nec</span> <span class='ocrx_word' id='word_1_197' title='bbox 398 2379 463 2438; x_wconf 85' lang='lat' dir='ltr'>cibo</span> <span class='ocrx_word' id='word_1_198' title='bbox 492 2397 547 2439; x_wconf 91' lang='lat' dir='ltr'>nec</span> <span class='ocrx_word' id='word_1_199' title='bbox 570 2387 643 2458; x_wconf 90' lang='lat' dir='ltr'>potu</span> <span class='ocrx_word' id='word_1_200' title='bbox 668 2379 755 2439; x_wconf 91' lang='lat' dir='ltr'>alitur</span> <span class='ocrx_word' id='word_1_201' title='bbox 783 2396 839 2438; x_wconf 90' lang='lat' dir='ltr'>nec</span> <span class='ocrx_word' id='word_1_202' title='bbox 863 2376 918 2437; x_wconf 89' lang='lat' dir='ltr'>alic</span> <span class='ocrx_word' id='word_1_203' title='bbox 943 2395 1030 2455; x_wconf 91' lang='lat' dir='ltr'>quam</span> <span class='ocrx_word' id='word_1_204' title='bbox 1055 2375 1131 2436; x_wconf 72' lang='lat' dir='ltr'>airis</span> 
     </span>
    </p>

    <p class='ocr_par' dir='ltr' id='par_1_7' title="bbox 69 2463 1209 2901">
     <span class='ocr_line' id='line_1_26' title="bbox 69 2463 1131 2548; baseline 0.002 -26"><span class='ocrx_word' id='word_1_205' title='bbox 69 2484 98 2523; x_wconf 78' lang='lat'>25</span> <span class='ocrx_word' id='word_1_206' title='bbox 114 2468 270 2547; x_wconf 87' lang='lat' dir='ltr'>alimento,</span> <span class='ocrx_word' id='word_1_207' title='bbox 300 2469 378 2527; x_wconf 88' lang='lat' dir='ltr'>circa</span> <span class='ocrx_word' id='word_1_208' title='bbox 402 2468 556 2546; x_wconf 84' lang='lat' dir='ltr'>caprificos</span> <span class='ocrx_word' id='word_1_209' title='bbox 580 2469 674 2548; x_wconf 83' lang='lat' dir='ltr'>ierus,</span> <span class='ocrx_word' id='word_1_210' title='bbox 704 2469 843 2527; x_wconf 86' lang='lat' dir='ltr'>innoxius</span> <span class='ocrx_word' id='word_1_211' title='bbox 866 2463 983 2544; x_wconf 90' lang='lat' dir='ltr'>alioqui.</span> <span class='ocrx_word' id='word_1_212' title='bbox 1030 2473 1060 2525; x_wconf 88' lang='lat' dir='ltr'>et</span> <span class='ocrx_word' id='word_1_213' title='bbox 1083 2483 1131 2525; x_wconf 88' lang='lat' dir='ltr'>co·</span> 
     </span>
     <span class='ocr_line' id='line_1_27' title="bbox 113 2553 1132 2634; baseline -0.003 -18"><span class='ocrx_word' id='word_1_214' title='bbox 113 2557 187 2616; x_wconf 91' lang='lat' dir='ltr'>loris</span> <span class='ocrx_word' id='word_1_215' title='bbox 217 2563 322 2617; x_wconf 90' lang='lat' dir='ltr'>natura</span> <span class='ocrx_word' id='word_1_216' title='bbox 354 2554 524 2616; x_wconf 91' lang='lat' dir='ltr'>mirabilior.</span> <span class='ocrx_word' id='word_1_217' title='bbox 572 2565 667 2617; x_wconf 85' lang='lat' dir='ltr'>mutat</span> <span class='ocrx_word' id='word_1_218' title='bbox 695 2574 820 2634; x_wconf 88' lang='lat' dir='ltr'>namque</span> <span class='ocrx_word' id='word_1_219' title='bbox 851 2573 920 2615; x_wconf 91' lang='lat' dir='ltr'>eum</span> <span class='ocrx_word' id='word_1_220' title='bbox 948 2553 1074 2614; x_wconf 89' lang='lat' dir='ltr'>subinde</span> <span class='ocrx_word' id='word_1_221' title='bbox 1102 2562 1132 2614; x_wconf 90' lang='lat' dir='ltr'>et</span> 
     </span>
     <span class='ocr_line' id='line_1_28' title="bbox 114 2644 1131 2726; baseline -0.004 -20"><span class='ocrx_word' id='word_1_222' title='bbox 114 2645 210 2706; x_wconf 89' lang='lat' dir='ltr'>oculis</span> <span class='ocrx_word' id='word_1_223' title='bbox 234 2654 264 2705; x_wconf 93' lang='lat' dir='ltr'>et</span> <span class='ocrx_word' id='word_1_224' title='bbox 287 2645 379 2705; x_wconf 89' lang='lat' dir='ltr'>cauda</span> <span class='ocrx_word' id='word_1_225' title='bbox 403 2653 433 2704; x_wconf 89' lang='lat' dir='ltr'>et</span> <span class='ocrx_word' id='word_1_226' title='bbox 454 2652 518 2705; x_wconf 91' lang='lat' dir='ltr'>tcto</span> <span class='ocrx_word' id='word_1_227' title='bbox 542 2663 681 2726; x_wconf 85' lang='lat' dir='ltr'>corpore,</span> <span class='ocrx_word' id='word_1_228' title='bbox 709 2644 865 2722; x_wconf 88' lang='lat' dir='ltr'>redditque</span> <span class='ocrx_word' id='word_1_229' title='bbox 890 2661 1007 2722; x_wconf 88' lang='lat' dir='ltr'>semper</span> <span class='ocrx_word' id='word_1_230' title='bbox 1030 2661 1131 2721; x_wconf 78' lang='lat' dir='ltr'>quiem·</span> 
     </span>
     <span class='ocr_line' id='line_1_29' title="bbox 114 2731 1209 2812; baseline -0.004 -18"><span class='ocrx_word' id='word_1_231' title='bbox 114 2751 245 2812; x_wconf 88' lang='lat' dir='ltr'>eumque</span> <span class='ocrx_word' id='word_1_232' title='bbox 277 2735 411 2812; x_wconf 86' lang='lat' dir='ltr'>proxime</span> <span class='ocrx_word' id='word_1_233' title='bbox 445 2734 562 2812; x_wconf 84' lang='lat' dir='ltr'>attingit</span> <span class='ocrx_word' id='word_1_234' title='bbox 594 2742 712 2812; x_wconf 90' lang='lat' dir='ltr'>praeter</span> <span class='ocrx_word' id='word_1_235' title='bbox 747 2731 874 2792; x_wconf 90' lang='lat' dir='ltr'>rubrum</span> <span class='ocrx_word' id='word_1_236' title='bbox 906 2731 1131 2810; x_wconf 88' lang='lat' dir='ltr'>candidumque.</span> <span class='ocrx_word' id='word_1_237' title='bbox 1206 2796 1209 2802; x_wconf 60' lang='grc'><em>,</em></span> 
     </span>
     <span class='ocr_line' id='line_1_30' title="bbox 115 2819 1131 2901; baseline -0.002 -18"><span class='ocrx_word' id='word_1_238' title='bbox 115 2823 258 2883; x_wconf 88' lang='lat' dir='ltr'>defuneto</span> <span class='ocrx_word' id='word_1_239' title='bbox 281 2821 375 2901; x_wconf 92' lang='lat' dir='ltr'>pallor</span> <span class='ocrx_word' id='word_1_240' title='bbox 398 2829 452 2881; x_wconf 88' lang='lat' dir='ltr'>est.</span> <span class='ocrx_word' id='word_1_241' title='bbox 484 2840 553 2882; x_wconf 89' lang='lat' dir='ltr'>caro</span> <span class='ocrx_word' id='word_1_242' title='bbox 577 2824 723 2901; x_wconf 88' lang='lat' dir='ltr'>incapite</span> <span class='ocrx_word' id='word_1_243' title='bbox 748 2829 777 2882; x_wconf 91' lang='lat' dir='ltr'>et</span> <span class='ocrx_word' id='word_1_244' title='bbox 796 2821 921 2881; x_wconf 81' lang='lat' dir='ltr'>maxillis</span> <span class='ocrx_word' id='word_1_245' title='bbox 945 2819 1131 2881; x_wconf 74' lang='grc'><strong>010110001-</strong></span> 
     </span>
    </p>

    <p class='ocr_par' dir='ltr' id='par_1_8' title="bbox 69 2908 1132 2991">
     <span class='ocr_line' id='line_1_31' title="bbox 69 2908 1132 2991; baseline 0.003 -26"><span class='ocrx_word' id='word_1_246' title='bbox 69 2927 100 2965; x_wconf 78' lang='lat' dir='ltr'>eo</span> <span class='ocrx_word' id='word_1_247' title='bbox 114 2914 275 2971; x_wconf 87' lang='lat' dir='ltr'>missuram</span> <span class='ocrx_word' id='word_1_248' title='bbox 302 2909 412 2971; x_wconf 88' lang='lat' dir='ltr'>caudae</span> <span class='ocrx_word' id='word_1_249' title='bbox 441 2910 599 2971; x_wconf 90' lang='lat' dir='ltr'>admodum</span> <span class='ocrx_word' id='word_1_250' title='bbox 627 2913 744 2991; x_wconf 83' lang='lat' dir='ltr'>exigua,</span> <span class='ocrx_word' id='word_1_251' title='bbox 777 2928 833 2970; x_wconf 90' lang='lat' dir='ltr'>nec</span> <span class='ocrx_word' id='word_1_252' title='bbox 861 2908 950 2970; x_wconf 90' lang='lat' dir='ltr'>aliubi</span> <span class='ocrx_word' id='word_1_253' title='bbox 977 2915 1039 2968; x_wconf 90' lang='lat' dir='ltr'>toto</span> <span class='ocrx_word' id='word_1_254' title='bbox 1068 2926 1132 2968; x_wconf 87' lang='lat' dir='ltr'>cor·</span> 
     </span>
    </p>
   </div>
   <div class='ocr_carea' id='block_1_3' title="bbox 35 3168 1160 3738">
    <p class='ocr_par' dir='ltr' id='par_1_9' title="bbox 35 3168 1134 3598">
     <span class='ocr_line' id='line_1_32' title="bbox 188 3168 1131 3225; baseline -0.003 0"><span class='ocrx_word' id='word_1_255' title='bbox 188 3168 318 3225; x_wconf 76' lang='lat' dir='ltr'>btimori</span> <span class='ocrx_word' id='word_1_256' title='bbox 336 3169 406 3224; x_wconf 86' lang='lat' dir='ltr'>Rob.</span> <span class='ocrx_word' id='word_1_257' title='bbox 435 3185 495 3224; x_wconf 88' lang='lat' dir='ltr'>-ore</span> <span class='ocrx_word' id='word_1_258' title='bbox 514 3187 538 3222; x_wconf 81' lang='lat' dir='ltr'>a.</span> <span class='ocrx_word' id='word_1_259' title='bbox 567 3187 610 3224; x_wconf 89' lang='lat' dir='ltr'>·or</span> <span class='ocrx_word' id='word_1_260' title='bbox 628 3187 651 3222; x_wconf 86' lang='lat' dir='ltr'>r.</span> <span class='ocrx_word' id='word_1_261' title='bbox 738 3174 771 3222; x_wconf 92' lang='grc'>10</span> <span class='ocrx_word' id='word_1_262' title='bbox 790 3170 878 3224; x_wconf 86' lang='lat' dir='ltr'>barba</span> <span class='ocrx_word' id='word_1_263' title='bbox 896 3169 952 3222; x_wconf 68' lang='lat'>21³²</span> <span class='ocrx_word' id='word_1_264' title='bbox 969 3171 1002 3224; x_wconf 79' lang='lat' dir='ltr'>iu</span> <span class='ocrx_word' id='word_1_265' title='bbox 1019 3185 1073 3225; x_wconf 83' lang='lat' dir='ltr'>rus.</span> <span class='ocrx_word' id='word_1_266' title='bbox 1094 3169 1131 3222; x_wconf 72' lang='lat'>(1¹.</span> 
     </span>
     <span class='ocr_line' id='line_1_33' title="bbox 115 3239 1134 3310; baseline -0.003 -14"><span class='ocrx_word' id='word_1_267' title='bbox 115 3243 237 3296; x_wconf 81' lang='lat' dir='ltr'>barbara</span> <span class='ocrx_word' id='word_1_268' title='bbox 254 3259 277 3295; x_wconf 84' lang='lat' dir='ltr'>r.</span> <span class='ocrx_word' id='word_1_269' title='bbox 366 3246 400 3294; x_wconf 77' lang='lat'>14</span> <span class='ocrx_word' id='word_1_270' title='bbox 418 3241 498 3294; x_wconf 85' lang='lat' dir='ltr'>India</span> <span class='ocrx_word' id='word_1_271' title='bbox 515 3239 584 3294; x_wconf 84' lang='lat' dir='ltr'>Rob.</span> <span class='ocrx_word' id='word_1_272' title='bbox 604 3241 662 3294; x_wconf 87' lang='lat' dir='ltr'>edd.</span> <span class='ocrx_word' id='word_1_273' title='bbox 681 3244 742 3296; x_wconf 83' lang='lat' dir='ltr'>vett.</span> <span class='ocrx_word' id='word_1_274' title='bbox 769 3257 813 3294; x_wconf 87' lang='lat' dir='ltr'>-ae</span> <span class='ocrx_word' id='word_1_275' title='bbox 833 3241 861 3294; x_wconf 88' lang='lat' dir='ltr'>u.</span> <span class='ocrx_word' id='word_1_276' title='bbox 943 3246 977 3293; x_wconf 79' lang='lat'>15</span> <span class='ocrx_word' id='word_1_277' title='bbox 996 3241 1086 3310; x_wconf 74' lang='lat' dir='ltr'>figura</span> <span class='ocrx_word' id='word_1_278' title='bbox 1104 3243 1134 3294; x_wconf 89' lang='grc'>01</span> 
     </span>
     <span class='ocr_line' id='line_1_34' title="bbox 115 3309 1131 3384; baseline -0.004 -16"><span class='ocrx_word' id='word_1_279' title='bbox 115 3313 185 3368; x_wconf 82' lang='lat' dir='ltr'>Rob.</span> <span class='ocrx_word' id='word_1_280' title='bbox 212 3329 272 3366; x_wconf 83' lang='lat' dir='ltr'>-rae</span> <span class='ocrx_word' id='word_1_281' title='bbox 280 3312 314 3384; x_wconf 66' lang='lat' dir='ltr'><em>W</em></span> <span class='ocrx_word' id='word_1_282' title='bbox 330 3329 354 3366; x_wconf 79' lang='lat' dir='ltr'>a.</span> <span class='ocrx_word' id='word_1_283' title='bbox 383 3328 442 3366; x_wconf 86' lang='lat' dir='ltr'>-rae</span> <span class='ocrx_word' id='word_1_284' title='bbox 461 3314 491 3366; x_wconf 85' lang='lat' dir='ltr'>et</span> <span class='ocrx_word' id='word_1_285' title='bbox 508 3329 531 3365; x_wconf 91' lang='lat' dir='ltr'>r.</span> <span class='ocrx_word' id='word_1_286' title='bbox 623 3315 664 3364; x_wconf 81' lang='lat'>15.</span> <span class='ocrx_word' id='word_1_287' title='bbox 680 3317 714 3365; x_wconf 76' lang='lat'>1&#39;6</span> <span class='ocrx_word' id='word_1_288' title='bbox 737 3313 815 3366; x_wconf 82' lang='lat' dir='ltr'>recta</span> <span class='ocrx_word' id='word_1_289' title='bbox 838 3309 1020 3366; x_wconf 64' lang='grc'><strong>0110111011,</strong></span> <span class='ocrx_word' id='word_1_290' title='bbox 1047 3314 1088 3364; x_wconf 86' lang='lat' dir='ltr'>-ta</span> <span class='ocrx_word' id='word_1_291' title='bbox 1107 3315 1131 3364; x_wconf 83' lang='lat' dir='ltr'>d.</span> 
     </span>
     <span class='ocr_line' id='line_1_35' title="bbox 116 3379 1130 3452; baseline -0.004 -14"><span class='ocrx_word' id='word_1_292' title='bbox 116 3387 174 3438; x_wconf 82' lang='lat' dir='ltr'>-tae</span> <span class='ocrx_word' id='word_1_293' title='bbox 196 3401 220 3438; x_wconf 80' lang='lat' dir='ltr'>r.</span> <span class='ocrx_word' id='word_1_294' title='bbox 308 3389 340 3437; x_wconf 79' lang='lat'>17</span> <span class='ocrx_word' id='word_1_295' title='bbox 364 3382 493 3437; x_wconf 81' lang='lat' dir='ltr'>absimile</span> <span class='ocrx_word' id='word_1_296' title='bbox 516 3399 540 3436; x_wconf 85' lang='grc'><strong>0.</strong></span> <span class='ocrx_word' id='word_1_297' title='bbox 569 3381 630 3434; x_wconf 85' lang='lat' dir='ltr'>-mii</span> <span class='ocrx_word' id='word_1_298' title='bbox 652 3387 681 3435; x_wconf 73' lang='lat' dir='ltr'>F.</span> <span class='ocrx_word' id='word_1_299' title='bbox 711 3382 783 3436; x_wconf 91' lang='lat' dir='ltr'>-mili</span> <span class='ocrx_word' id='word_1_300' title='bbox 806 3400 829 3437; x_wconf 84' lang='lat' dir='ltr'>r.</span> <span class='ocrx_word' id='word_1_301' title='bbox 916 3385 949 3435; x_wconf 89' lang='lat'>18</span> <span class='ocrx_word' id='word_1_302' title='bbox 972 3382 1043 3435; x_wconf 87' lang='lat' dir='ltr'>uillo</span> <span class='ocrx_word' id='word_1_303' title='bbox 1066 3387 1095 3434; x_wconf 75' lang='lat' dir='ltr'>F,</span> <span class='ocrx_word' id='word_1_304' title='bbox 1126 3379 1130 3452; x_wconf 84' lang='grc' dir='ltr'>Ι</span> 
     </span>
     <span class='ocr_line' id='line_1_36' title="bbox 116 3453 1131 3524; baseline -0.003 -16"><span class='ocrx_word' id='word_1_305' title='bbox 116 3458 145 3508; x_wconf 88' lang='grc'>01</span> <span class='ocrx_word' id='word_1_306' title='bbox 162 3454 312 3524; x_wconf 83' lang='lat' dir='ltr'>implicans</span> <span class='ocrx_word' id='word_1_307' title='bbox 331 3455 388 3507; x_wconf 74' lang='lat' dir='ltr'>c2o.</span> <span class='ocrx_word' id='word_1_308' title='bbox 480 3459 515 3505; x_wconf 77' lang='lat'>20</span> <span class='ocrx_word' id='word_1_309' title='bbox 536 3457 711 3508; x_wconf 71' lang='lat' dir='ltr'>recessuris.</span> <span class='ocrx_word' id='word_1_310' title='bbox 740 3454 790 3520; x_wconf 81' lang='lat' dir='ltr'>cfr.</span> <span class='ocrx_word' id='word_1_311' title='bbox 810 3453 898 3507; x_wconf 74' lang='lat' dir='ltr'>Solle.</span> <span class='ocrx_word' id='word_1_312' title='bbox 917 3457 1017 3520; x_wconf 77' lang='lat'>40,21.</span> <span class='ocrx_word' id='word_1_313' title='bbox 1047 3469 1089 3505; x_wconf 87' lang='lat' dir='ltr'>-so</span> <span class='ocrx_word' id='word_1_314' title='bbox 1108 3468 1131 3505; x_wconf 78' lang='lat' dir='ltr'>r.</span> 
     </span>
     <span class='ocr_line' id='line_1_37' title="bbox 35 3522 1133 3598; baseline -0.005 -19"><span class='ocrx_word' id='word_1_315' title='bbox 35 3589 41 3598; x_wconf 86' lang='lat'><em>.</em></span> <span class='ocrx_word' id='word_1_316' title='bbox 201 3531 237 3579; x_wconf 74' lang='lat'>24</span> <span class='ocrx_word' id='word_1_317' title='bbox 266 3522 340 3579; x_wconf 76' lang='lat' dir='ltr'>ueris</span> <span class='ocrx_word' id='word_1_318' title='bbox 368 3529 420 3578; x_wconf 80' lang='lat' dir='ltr'>Rd.</span> <span class='ocrx_word' id='word_1_319' title='bbox 520 3529 554 3577; x_wconf 76' lang='lat'>25</span> <span class='ocrx_word' id='word_1_320' title='bbox 582 3523 656 3578; x_wconf 86' lang='lat' dir='ltr'>ferus</span> <span class='ocrx_word' id='word_1_321' title='bbox 684 3540 708 3578; x_wconf 84' lang='grc'><strong>0.</strong></span> <span class='ocrx_word' id='word_1_322' title='bbox 740 3523 799 3578; x_wconf 85' lang='lat' dir='ltr'>fere</span> <span class='ocrx_word' id='word_1_323' title='bbox 827 3541 851 3577; x_wconf 71' lang='lat' dir='ltr'>a.</span> <span class='ocrx_word' id='word_1_324' title='bbox 887 3522 960 3576; x_wconf 85' lang='lat' dir='ltr'>ferre</span> <span class='ocrx_word' id='word_1_325' title='bbox 988 3526 1012 3576; x_wconf 88' lang='lat' dir='ltr'>d.</span> <span class='ocrx_word' id='word_1_326' title='bbox 1046 3522 1133 3574; x_wconf 79' lang='lat' dir='ltr'>ferret</span> 
     </span>
    </p>

    <p class='ocr_par' dir='ltr' id='par_1_10' title="bbox 111 3593 1160 3738">
     <span class='ocr_line' id='line_1_38' title="bbox 115 3593 1160 3660; baseline -0.01 -11"><span class='ocrx_word' id='word_1_327' title='bbox 115 3602 147 3651; x_wconf 81' lang='lat' dir='ltr'>lt.</span> <span class='ocrx_word' id='word_1_328' title='bbox 175 3595 259 3652; x_wconf 80' lang='lat' dir='ltr'>ferrei</span> <span class='ocrx_word' id='word_1_329' title='bbox 281 3613 304 3650; x_wconf 88' lang='lat' dir='ltr'>r.</span> <span class='ocrx_word' id='word_1_330' title='bbox 414 3601 447 3650; x_wconf 78' lang='lat'>29</span> <span class='ocrx_word' id='word_1_331' title='bbox 476 3597 505 3648; x_wconf 89' lang='grc'>01</span> <span class='ocrx_word' id='word_1_332' title='bbox 528 3594 564 3648; x_wconf 84' lang='lat' dir='ltr'>ad</span> <span class='ocrx_word' id='word_1_333' title='bbox 588 3594 630 3648; x_wconf 63' lang='lat'>1³².</span> <span class='ocrx_word' id='word_1_334' title='bbox 663 3593 744 3650; x_wconf 82' lang='lat' dir='ltr'>adr.</span> <span class='ocrx_word' id='word_1_335' title='bbox 779 3596 829 3660; x_wconf 83' lang='lat' dir='ltr'>cfr.</span> <span class='ocrx_word' id='word_1_336' title='bbox 852 3593 1130 3647; x_wconf 68' lang='lat' dir='ltr'>Autumnum</span> <span class='ocrx_word' id='word_1_337' title='bbox 1158 3636 1160 3639; x_wconf 78' lang='grc'>,</span> 
     </span>
     <span class='ocr_line' id='line_1_39' title="bbox 111 3667 313 3738; baseline 0 -16"><span class='ocrx_word' id='word_1_338' title='bbox 111 3684 142 3738; x_wconf 71' lang='grc' dir='ltr'>Ρ.</span> <span class='ocrx_word' id='word_1_339' title='bbox 159 3667 255 3734; x_wconf 68' lang='grc'><em>5033)</em></span> <span class='ocrx_word' id='word_1_340' title='bbox 269 3671 313 3722; x_wconf 78' lang='lat'>13·</span> 
     </span>
    </p>
   </div>
   <div class='ocr_carea' id='block_1_4' title="bbox 0 0 1314 3948">
    <p class='ocr_par' dir='ltr' id='par_1_11' title="bbox 0 0 1314 3948">
     <span class='ocr_line' id='line_1_40' title="bbox 0 0 1314 3948; baseline 0 0"><span class='ocrx_word' id='word_1_341' title='bbox 0 0 1314 3948; x_wconf 95' lang='lat' dir='ltr'> </span> 
     </span>
    </p>
   </div>
  </div>
 </body>
</html>
