2594 3960
322 131 411 200 ΝΑΤξ
427 145 519 200 msa.
539 93 578 204 lx
597 152 686 200 a-10
704 148 813 216 (r-12)
1013 149 1078 214 165
1193 172 1196 178 ’

44 298 108 356 nisi
136 303 260 376 partem
283 315 299 356 a
322 295 507 375 piscantibus
531 313 614 356 suam
638 313 794 376 accepere,
823 315 951 376 expansa
975 316 1080 358 eorum

44 388 131 444 retia
159 385 302 446 lacerant.

119 475 297 553 Accipitres
319 476 417 534 avium
436 492 496 534 uon
514 473 608 534 edunt
625 473 723 534 eorda.
752 481 919 540 nocturnus
936 478 1078 556 accipiter
1096 483 1132 532 24

43 562 197 641 cybindis
221 569 353 644 vocatur,
376 581 463 623 rarus
482 564 571 645 etiam
589 565 621 621 in
640 562 730 643 silviS,
752 564 884 624 interdiu
898 566 997 625 minus
1016 584 1079 625 cer·

15 670 141 712 suane.
190 651 305 712 bellum
331 653 549 712 internecivum
576 653 655 730 gerit
681 669 751 711 cum
780 652 890 733 aquila,
920 653 1080 714 cohaeren-

42 746 167 820 tesque
191 759 281 819 saepe
304 739 504 819 prenduntur.

120 825 163 891 9.
179 823 255 912 (11)
279 828 396 908 Coccyx
414 829 533 888 videtur
551 847 587 888 ex
605 831 746 908 accipitre
765 830 839 911 fieri,
857 838 991 910 tempore
1011 835 1082 892 anni
1099 837 1134 886 25

43 919 186 996 figuram
209 925 340 997 mutans,
362 919 502 996 quoniam
525 925 597 978 tunc
621 935 681 978 non
705 965 783 978 .....
807 927 951 997 apparent
972 919 1082 998 reliqui

43 1009 110 1068 nisi
138 1025 289 1088 perquam
310 1008 413 1086 paucis
437 1005 551 1067 diebus
587 1009 652 1086 ipse
671 1025 790 1085 quoque
810 1006 926 1068 modico
945 1015 1081 1087 tempore

5 1113 31 1152 aa
45 1099 181 1157 aestatis
207 1098 288 1156 risus
311 1113 372 1155 nou
396 1096 531 1156 cernitur
549 1102 660 1174 postea.
689 1103 736 1155 est
754 1103 854 1156 antem
872 1115 970 1174 neque
989 1096 1080 1157 adun·

46 1187 94 1244 eis
120 1185 281 1264 unguibus
304 1181 386 1244 solus
410 1185 594 1266 accipitrum,
617 1202 673 1244 nec
692 1186 788 1263 capite
812 1184 916 1245 similis
939 1184 1007 1264 illis,
1030 1203 1080 1244 ne-

47 1293 114 1352 que
142 1274 201 1334 alio
224 1291 316 1352 quam
338 1272 452 1353 colore,
479 1291 513 1333 ac
536 1274 618 1333 rictu
642 1271 772 1332 columbi
795 1275 903 1352 potius.
950 1275 1023 1352 quin
1051 1281 1083 1333 et

49 1363 229 1424 absumitur
259 1361 296 1422 ab
325 1364 482 1443 accipitre,
514 1364 540 1422 si
570 1362 689 1441 quanm
719 1379 779 1422 una
810 1380 987 1443 apparuere,
1020 1362 1082 1422 sola

52 1455 198 1514 omnium
221 1452 284 1511 aris
307 1469 323 1510 a
347 1469 401 1510 suo
429 1468 540 1529 genere
567 1452 754 1529 interempta.
801 1458 896 1511 mutat
922 1460 1022 1511 autem
1050 1459 1081 1510 et
1098 1457 1132 1506 26

12 1557 36 1594 1⁵
50 1559 174 1621 vocem,
196 1540 334 1619 procedit
356 1557 436 1620 vere,
458 1538 625 1600 occultatur
648 1538 799 1599 caniculae
818 1547 887 1600 ortu
905 1542 1083 1618 intereaque

50 1633 138 1707 parit
160 1632 193 1688 in
216 1629 322 1688 alienis
340 1627 429 1709 nidis,
451 1631 577 1688 maxime
595 1627 788 1709 palumbium,
812 1631 923 1688 maiore
943 1647 979 1688 ex
997 1637 1082 1708 parte

52 1717 178 1797 singula
201 1736 265 1798 ova,
288 1717 368 1795 quod
391 1716 472 1776 nulla
495 1716 551 1776 alia
574 1719 644 1796 avis,
667 1735 736 1777 raro
759 1716 837 1777 bina.
873 1735 962 1778 causa
984 1716 1082 1796 pullas

52 1807 231 1868 subiciendi
253 1813 390 1887 putatur,
419 1806 498 1884 quod
521 1807 595 1865 sciat
618 1823 650 1864 se
674 1807 798 1866 invisam
827 1807 943 1866 cunctis
971 1805 1082 1867 avibus.

55 1914 130 1956 nam
152 1898 287 1956 minutae
310 1912 430 1974 quoque
453 1894 605 1954 infestant.
642 1896 683 1953 ita
701 1912 762 1953 non
781 1895 846 1956 iore
865 1903 961 1956 tutam
978 1896 1083 1973 generi

14 1999 42 2038 ¹⁰
56 2003 117 2046 suo
140 1986 269 2064 stirpem
290 1985 438 2064 opinatur,
461 1985 493 2042 ni
515 1982 668 2062 fefellerit,
690 2000 783 2062 quare
807 1982 921 2044 nullum
944 1984 1015 2044 lacit
1038 1985 1081 2043 ni·

55 2075 141 2154 dum,
167 2073 277 2152 alioqui
300 2072 451 2151 trepidum
469 2071 585 2131 animal.
614 2071 721 2132 educat
739 2089 811 2149 ergo
830 2070 983 2131 subditum
1001 2070 1082 2131 adrrl-
1101 2068 1135 2117 2⁷

54 2171 158 2223 tereto
186 2163 247 2222 leta
275 2161 354 2222 nido.
398 2160 449 2220 ille
482 2159 584 2220 avidus
616 2178 653 2219 ex
684 2166 791 2220 natura
823 2161 967 2238 praeripit
999 2158 1083 2219 cibos

55 2251 188 2330 reliquis
210 2249 311 2329 pullis,
332 2251 434 2327 itaque
456 2251 626 2328 pinguescit
649 2256 680 2308 et
698 2248 812 2309 nitidus
830 2250 863 2308 in
882 2267 914 2308 se
933 2249 1083 2308 nutricem

57 2341 221 2400 convertit.
267 2337 317 2398 illa
339 2337 451 2417 gaudet
472 2339 537 2397 eius
561 2339 661 2416 specie
683 2339 869 2415 miraturque
894 2355 960 2397 sese
987 2339 1084 2414 ipsam

21 2443 44 2482 ²5
57 2429 143 2507 quod
168 2427 259 2488 talem
280 2427 440 2505 pepererit.
482 2444 553 2486 suos
576 2428 796 2504 comparatione
819 2427 885 2487 eius
908 2424 1027 2484 damnat
1049 2433 1084 2484 ut

58 2518 176 2578 alienos
214 2515 389 2593 absumique
420 2517 509 2574 etiam
544 2533 575 2574 se
611 2517 797 2593 inspectante
827 2517 956 2594 patitur,
988 2513 1083 2574 donec

59 2606 208 2684 corripiat
234 2607 329 2684 ipsam
357 2621 475 2682 quoqne
505 2605 565 2663 iam
593 2602 710 2663 volandi
740 2611 855 2683 potens.
901 2603 982 2663 nulla
1012 2611 1083 2662 tunc

60 2697 162 2755 avium
186 2695 329 2754 suavitate
354 2693 453 2752 carnis
475 2699 666 2771 comparatur
688 2690 739 2751 illi.

132 2777 191 2843 10.
216 2775 291 2863 (12)
314 2781 399 2841 blilui
421 2799 458 2840 ex
479 2780 586 2840 eodem
608 2783 785 2859 accipitrum
803 2798 913 2858 genere
936 2783 1081 2858 magnitn-
1100 2776 1135 2826 28

27 2887 50 2928 aa
63 2871 135 2932 dine
155 2871 307 2932 differunt.
335 2875 472 2930 notatum
494 2871 526 2928 in
547 2868 595 2928 his
618 2870 841 2947 rapacissimam
865 2877 896 2928 et
919 2868 1084 2930 famelicam

63 2978 184 3040 semper
207 2959 308 3020 alitem
331 2957 405 3018 nibil
428 2957 575 3017 esculenti
598 2975 703 3036 rapere
727 2975 868 3036 umquam
888 2975 924 3016 ex
943 2959 1084 3017 funerum

136 3139 150 3185 1
171 3129 334 3200 acceperint
350 3127 395 3182 12⁹.
469 3135 485 3182 6
503 3128 677 3196 prenduntur
694 3127 758 3182 Ν.
782 3128 882 3197 praed·
900 3126 980 3181 ΒΨ.
1003 3143 1084 3196 prae-

63 3204 144 3256 dant
163 3201 230 3255 n²a
321 3203 337 3253 8
362 3201 492 3253 iwanum
514 3199 639 3253 indicaui
659 3215 707 3268 eqo
729 3200 895 3253 eoli‚.Arist.
913 3199 939 3252 b.
958 3216 984 3252 a.
1009 3201 1085 3253 1117

59 3292 90 3343 p.
101 3273 204 3339 56313,
219 3276 264 3325 15.
296 3271 429 3326 eunome
445 3270 574 3324 vantur
592 3269 752 3338 apparetis
773 3269 818 3323 oui
837 3268 936 3323 similis
955 3271 1010 3335 est,
1035 3268 1085 3322 sed

63 3362 122 3400 neo.
199 3349 233 3396 12
250 3343 325 3396 rictu
341 3358 366 3396 u.
392 3340 471 3396 uictu
488 3340 571 3395 1²2².
596 3341 673 3394 uietu
691 3341 728 3394 ⁸¹.
753 3340 816 3394 nitu
832 3341 936 3394 ΡΜ
963 3340 1028 3392 uisu
1045 3339 1083 3392 οἳ.

130 3421 165 3469 13
185 3413 306 3468 sumitur
323 3418 354 3466 n.
384 3414 389 3480 1
419 3412 455 3466 ab
473 3411 571 3465 Pala.
595 3427 638 3465 om
656 3429 679 3465 r.
763 3417 795 3465 15
814 3413 977 3478 intereaque
995 3409 1082 3464 Rhea.

64 3489 193 3555 interque
212 3486 241 3539 ll.
267 3498 431 3553 semperque
445 3500 470 3536 o.
543 3489 577 3537 19
596 3482 721 3537 minutae
740 3483 872 3552 aucupant
886 3499 930 3550 op.
945 3481 1012 3536 Dal.
1031 3481 1083 3546 ufir.

66 3560 152 3614 Arist.
172 3559 198 3612 b.
219 3573 244 3610 a.
264 3559 310 3608 IX
323 3560 362 3611 29
381 3559 451 3609 eutr.
479 3556 535 3608 -tas
552 3553 595 3608 1².
623 3556 666 3607 -ta
683 3571 707 3607 r.
797 3560 830 3607 21
851 3567 890 3607 ou
908 3554 938 3606 et
954 3550 1084 3618 alioqui?

126 3635 163 3683 22
181 3627 241 3682 feto
258 3632 282 3680 n
300 3643 334 3682 ea
352 3640 422 3680 corr.
448 3626 491 3678 -tu
508 3628 533 3678 i.
606 3630 644 3678 24·
661 3640 721 3678 sese
739 3623 816 3676 1²⁸⁹.
842 3639 902 3677 esse
920 3639 944 3676 r.
