<?xml version="1.0" encoding="UTF-8"?>
<!DOCTYPE html PUBLIC "-//W3C//DTD XHTML 1.0 Transitional//EN"
    "http://www.w3.org/TR/xhtml1/DTD/xhtml1-transitional.dtd">
<html xmlns="http://www.w3.org/1999/xhtml" xml:lang="en" lang="en">
 <head>
  <title>
</title>
<meta http-equiv="Content-Type" content="text/html;charset=utf-8" />
  <meta name='ocr-system' content='tesseract 3.04.00' />
  <meta name='ocr-capabilities' content='ocr_page ocr_carea ocr_par ocr_line ocrx_word'/>
</head>
<body>
  <div class='ocr_page' id='page_1' title='image "./cplinisecundina02mayhgoog_0311.png"; bbox 0 0 2610 3960; ppageno 0'>
   <div class='ocr_carea' id='block_1_1' title="bbox 198 159 869 230">
    <p class='ocr_par' dir='ltr' id='par_1_1' title="bbox 198 159 869 230">
     <span class='ocr_line' id='line_1_1' title="bbox 198 159 869 230; baseline -0.024 0"><span class='ocrx_word' id='word_1_1' title='bbox 198 164 263 230; x_wconf 84' lang='lat'>266</span> <span class='ocrx_word' id='word_1_2' title='bbox 545 161 575 217; x_wconf 80' lang='lat' dir='ltr'>C.</span> <span class='ocrx_word' id='word_1_3' title='bbox 594 161 695 216; x_wconf 71' lang='lat' dir='ltr'>Ponti</span> <span class='ocrx_word' id='word_1_4' title='bbox 712 159 869 216; x_wconf 80' lang='lat' dir='ltr'>SECUNDI</span> 
     </span>
    </p>
   </div>
   <div class='ocr_carea' id='block_1_2' title="bbox 142 310 1253 841">
    <p class='ocr_par' dir='ltr' id='par_1_2' title="bbox 142 310 1253 753">
     <span class='ocr_line' id='line_1_2' title="bbox 142 310 1227 395; baseline -0.004 -21"><span class='ocrx_word' id='word_1_5' title='bbox 142 323 195 374; x_wconf 77' lang='lat'>235</span> <span class='ocrx_word' id='word_1_6' title='bbox 205 316 306 395; x_wconf 88' lang='lat' dir='ltr'>genito</span> <span class='ocrx_word' id='word_1_7' title='bbox 328 313 427 374; x_wconf 88' lang='lat' dir='ltr'>luerat</span> <span class='ocrx_word' id='word_1_8' title='bbox 448 310 591 373; x_wconf 86' lang='lat' dir='ltr'>attributa</span> <span class='ocrx_word' id='word_1_9' title='bbox 616 310 774 391; x_wconf 80' lang='lat' dir='ltr'>dependet.</span> <span class='ocrx_word' id='word_1_10' title='bbox 819 327 908 370; x_wconf 88' lang='lat' dir='ltr'>ursae</span> <span class='ocrx_word' id='word_1_11' title='bbox 931 327 1074 371; x_wconf 85' lang='lat' dir='ltr'>mammas</span> <span class='ocrx_word' id='word_1_12' title='bbox 1098 317 1227 390; x_wconf 84' lang='lat' dir='ltr'>quater-</span> 
     </span>
     <span class='ocr_line' id='line_1_3' title="bbox 196 399 1227 483; baseline -0.004 -17"><span class='ocrx_word' id='word_1_13' title='bbox 196 423 249 466; x_wconf 90' lang='lat' dir='ltr'>nas</span> <span class='ocrx_word' id='word_1_14' title='bbox 277 409 400 483; x_wconf 89' lang='lat' dir='ltr'>gerunt,</span> <span class='ocrx_word' id='word_1_15' title='bbox 427 399 560 481; x_wconf 78' lang='lat' dir='ltr'>delphini</span> <span class='ocrx_word' id='word_1_16' title='bbox 589 399 674 461; x_wconf 89' lang='lat' dir='ltr'>binas</span> <span class='ocrx_word' id='word_1_17' title='bbox 701 401 733 462; x_wconf 89' lang='lat' dir='ltr'>in</span> <span class='ocrx_word' id='word_1_18' title='bbox 760 401 822 460; x_wconf 77' lang='lat' dir='ltr'>iura</span> <span class='ocrx_word' id='word_1_19' title='bbox 846 399 911 460; x_wconf 82' lang='lat' dir='ltr'>alvo</span> <span class='ocrx_word' id='word_1_20' title='bbox 938 399 1063 480; x_wconf 85' lang='lat' dir='ltr'>papillas</span> <span class='ocrx_word' id='word_1_21' title='bbox 1090 407 1227 481; x_wconf 74' lang='lat' dir='ltr'>tantum,</span> 
     </span>
     <span class='ocr_line' id='line_1_4' title="bbox 195 487 1228 570; baseline -0.009 -13"><span class='ocrx_word' id='word_1_22' title='bbox 195 512 252 557; x_wconf 88' lang='lat' dir='ltr'>nec</span> <span class='ocrx_word' id='word_1_23' title='bbox 284 492 437 553; x_wconf 83' lang='lat' dir='ltr'>evidentes</span> <span class='ocrx_word' id='word_1_24' title='bbox 469 498 500 551; x_wconf 91' lang='lat' dir='ltr'>et</span> <span class='ocrx_word' id='word_1_25' title='bbox 530 489 652 570; x_wconf 84' lang='lat' dir='ltr'>paulum</span> <span class='ocrx_word' id='word_1_26' title='bbox 683 491 715 548; x_wconf 90' lang='lat' dir='ltr'>in</span> <span class='ocrx_word' id='word_1_27' title='bbox 746 487 876 550; x_wconf 81' lang='lat' dir='ltr'>oblicum</span> <span class='ocrx_word' id='word_1_28' title='bbox 908 497 1071 568; x_wconf 89' lang='lat' dir='ltr'>porrectas.</span> <span class='ocrx_word' id='word_1_29' title='bbox 1116 505 1228 568; x_wconf 86' lang='lat' dir='ltr'>neque</span> 
     </span>
     <span class='ocr_line' id='line_1_5' title="bbox 197 576 1226 646; baseline -0.005 -1"><span class='ocrx_word' id='word_1_30' title='bbox 197 580 275 646; x_wconf 90' lang='lat' dir='ltr'>aliud</span> <span class='ocrx_word' id='word_1_31' title='bbox 295 579 402 643; x_wconf 85' lang='lat' dir='ltr'>animal</span> <span class='ocrx_word' id='word_1_32' title='bbox 419 582 450 640; x_wconf 90' lang='lat' dir='ltr'>in</span> <span class='ocrx_word' id='word_1_33' title='bbox 471 597 562 640; x_wconf 80' lang='lat' dir='ltr'>eousu</span> <span class='ocrx_word' id='word_1_34' title='bbox 581 577 729 639; x_wconf 86' lang='lat' dir='ltr'>lambitur.</span> <span class='ocrx_word' id='word_1_35' title='bbox 762 585 797 638; x_wconf 88' lang='lat' dir='ltr'>et</span> <span class='ocrx_word' id='word_1_36' title='bbox 820 576 970 639; x_wconf 72' lang='lat' dir='ltr'>ballaenae</span> <span class='ocrx_word' id='word_1_37' title='bbox 993 586 1094 639; x_wconf 88' lang='lat' dir='ltr'>autem</span> <span class='ocrx_word' id='word_1_38' title='bbox 1116 577 1226 640; x_wconf 73' lang='lat' dir='ltr'>uarii-</span> 
     </span>
     <span class='ocr_line' id='line_1_6' title="bbox 196 667 1253 753; baseline -0.009 -21"><span class='ocrx_word' id='word_1_39' title='bbox 196 690 255 753; x_wconf 88' lang='lat' dir='ltr'>que</span> <span class='ocrx_word' id='word_1_40' title='bbox 278 673 394 732; x_wconf 81' lang='lat' dir='ltr'>marini</span> <span class='ocrx_word' id='word_1_41' title='bbox 415 671 549 730; x_wconf 88' lang='lat' dir='ltr'>mammis</span> <span class='ocrx_word' id='word_1_42' title='bbox 572 669 711 729; x_wconf 85' lang='lat' dir='ltr'>nutriunt</span> <span class='ocrx_word' id='word_1_43' title='bbox 733 667 821 728; x_wconf 87' lang='lat' dir='ltr'>setus.</span> <span class='ocrx_word' id='word_1_44' title='bbox 1240 681 1253 722; x_wconf 83' lang='lat' dir='ltr'>e</span> 
     </span>
    </p>

    <p class='ocr_par' dir='ltr' id='par_1_3' title="bbox 142 752 1226 841">
     <span class='ocr_line' id='line_1_7' title="bbox 142 752 1226 841; baseline 0 -23"><span class='ocrx_word' id='word_1_45' title='bbox 142 768 197 820; x_wconf 74' lang='lat'>236</span> <span class='ocrx_word' id='word_1_46' title='bbox 266 754 325 822; x_wconf 82' lang='lat'>41.</span> <span class='ocrx_word' id='word_1_47' title='bbox 354 752 428 841; x_wconf 79' lang='lat'>(96)</span> <span class='ocrx_word' id='word_1_48' title='bbox 462 757 588 819; x_wconf 86' lang='lat' dir='ltr'>Mulieri</span> <span class='ocrx_word' id='word_1_49' title='bbox 607 765 674 817; x_wconf 85' lang='lat' dir='ltr'>ante</span> <span class='ocrx_word' id='word_1_50' title='bbox 703 757 864 836; x_wconf 82' lang='lat' dir='ltr'>septimum</span> <span class='ocrx_word' id='word_1_51' title='bbox 890 774 1024 818; x_wconf 85' lang='lat' dir='ltr'>mensem</span> <span class='ocrx_word' id='word_1_52' title='bbox 1055 757 1226 837; x_wconf 79' lang='lat' dir='ltr'>profusum</span> 
     </span>
    </p>
   </div>
   <div class='ocr_carea' id='block_1_3' title="bbox 140 845 1295 2707">
    <p class='ocr_par' dir='ltr' id='par_1_4' title="bbox 194 845 1295 1711">
     <span class='ocr_line' id='line_1_8' title="bbox 195 845 1224 931; baseline -0.007 -19"><span class='ocrx_word' id='word_1_53' title='bbox 195 851 254 912; x_wconf 84' lang='lat' dir='ltr'>laet</span> <span class='ocrx_word' id='word_1_54' title='bbox 282 848 401 931; x_wconf 87' lang='lat' dir='ltr'>inutile,</span> <span class='ocrx_word' id='word_1_55' title='bbox 431 846 468 908; x_wconf 93' lang='lat' dir='ltr'>ab</span> <span class='ocrx_word' id='word_1_56' title='bbox 499 865 534 907; x_wconf 90' lang='lat' dir='ltr'>ec</span> <span class='ocrx_word' id='word_1_57' title='bbox 564 861 681 927; x_wconf 85' lang='lat' dir='ltr'>menso,</span> <span class='ocrx_word' id='word_1_58' title='bbox 713 864 773 925; x_wconf 87' lang='lat' dir='ltr'>qun</span> <span class='ocrx_word' id='word_1_59' title='bbox 802 845 908 907; x_wconf 84' lang='lat' dir='ltr'>vitales</span> <span class='ocrx_word' id='word_1_60' title='bbox 934 853 1053 927; x_wconf 87' lang='lat' dir='ltr'>partus,</span> <span class='ocrx_word' id='word_1_61' title='bbox 1082 845 1224 908; x_wconf 79' lang='lat' dir='ltr'>salubre.</span> 
     </span>
     <span class='ocr_line' id='line_1_9' title="bbox 194 934 1225 1020; baseline -0.004 -20"><span class='ocrx_word' id='word_1_62' title='bbox 194 939 346 1020; x_wconf 83' lang='lat' dir='ltr'>plerisque</span> <span class='ocrx_word' id='word_1_63' title='bbox 375 945 475 998; x_wconf 81' lang='lat' dir='ltr'>autem</span> <span class='ocrx_word' id='word_1_64' title='bbox 501 937 573 997; x_wconf 89' lang='lat' dir='ltr'>totis</span> <span class='ocrx_word' id='word_1_65' title='bbox 599 937 736 995; x_wconf 83' lang='lat' dir='ltr'>mammis</span> <span class='ocrx_word' id='word_1_66' title='bbox 763 942 851 1014; x_wconf 84' lang='lat' dir='ltr'>atque</span> <span class='ocrx_word' id='word_1_67' title='bbox 880 937 972 996; x_wconf 85' lang='lat' dir='ltr'>etiam</span> <span class='ocrx_word' id='word_1_68' title='bbox 997 934 1114 996; x_wconf 80' lang='lat' dir='ltr'>alarum</span> <span class='ocrx_word' id='word_1_69' title='bbox 1147 937 1225 996; x_wconf 85' lang='lat' dir='ltr'>sinu</span> 
     </span>
     <span class='ocr_line' id='line_1_10' title="bbox 194 1023 1222 1103; baseline -0.003 -14"><span class='ocrx_word' id='word_1_70' title='bbox 194 1029 268 1091; x_wconf 86' lang='lat' dir='ltr'>duit.</span> <span class='ocrx_word' id='word_1_71' title='bbox 315 1025 420 1089; x_wconf 80' lang='lat' dir='ltr'>cameli</span> <span class='ocrx_word' id='word_1_72' title='bbox 441 1025 500 1086; x_wconf 86' lang='lat' dir='ltr'>lact</span> <span class='ocrx_word' id='word_1_73' title='bbox 522 1023 633 1086; x_wconf 86' lang='lat' dir='ltr'>habent</span> <span class='ocrx_word' id='word_1_74' title='bbox 656 1024 751 1085; x_wconf 87' lang='lat' dir='ltr'>donec</span> <span class='ocrx_word' id='word_1_75' title='bbox 779 1025 890 1086; x_wconf 83' lang='lat' dir='ltr'>iterum</span> <span class='ocrx_word' id='word_1_76' title='bbox 917 1027 1099 1103; x_wconf 81' lang='lat' dir='ltr'>gravescunt.</span> <span class='ocrx_word' id='word_1_77' title='bbox 1147 1043 1222 1086; x_wconf 71' lang='lat' dir='ltr'>mao-</span> 
     </span>
     <span class='ocr_line' id='line_1_11' title="bbox 195 1112 1264 1192; baseline -0.005 -15"><span class='ocrx_word' id='word_1_78' title='bbox 195 1119 350 1180; x_wconf 86' lang='lat' dir='ltr'>vissimum</span> <span class='ocrx_word' id='word_1_79' title='bbox 372 1114 402 1176; x_wconf 95' lang='lat' dir='ltr'>id</span> <span class='ocrx_word' id='word_1_80' title='bbox 421 1115 607 1175; x_wconf 83' lang='lat' dir='ltr'>existimatur</span> <span class='ocrx_word' id='word_1_81' title='bbox 630 1113 667 1175; x_wconf 91' lang='lat' dir='ltr'>ad</span> <span class='ocrx_word' id='word_1_82' title='bbox 690 1130 781 1174; x_wconf 86' lang='lat' dir='ltr'>uuam</span> <span class='ocrx_word' id='word_1_83' title='bbox 804 1130 975 1174; x_wconf 87' lang='lat' dir='ltr'>mensuram</span> <span class='ocrx_word' id='word_1_84' title='bbox 997 1112 1094 1174; x_wconf 87' lang='lat' dir='ltr'>tribus</span> <span class='ocrx_word' id='word_1_85' title='bbox 1117 1131 1223 1192; x_wconf 74' lang='lat' dir='ltr'>agnae</span> <span class='ocrx_word' id='word_1_86' title='bbox 1237 1129 1264 1168; x_wconf 74' lang='lat' dir='ltr'>io</span> 
     </span>
     <span class='ocr_line' id='line_1_12' title="bbox 195 1200 1223 1283; baseline -0.007 -15"><span class='ocrx_word' id='word_1_87' title='bbox 195 1205 311 1268; x_wconf 87' lang='lat' dir='ltr'>additis.</span> <span class='ocrx_word' id='word_1_88' title='bbox 356 1204 411 1264; x_wconf 92' lang='lat' dir='ltr'>bos</span> <span class='ocrx_word' id='word_1_89' title='bbox 434 1212 502 1264; x_wconf 88' lang='lat' dir='ltr'>ante</span> <span class='ocrx_word' id='word_1_90' title='bbox 525 1210 645 1282; x_wconf 89' lang='lat' dir='ltr'>partum</span> <span class='ocrx_word' id='word_1_91' title='bbox 667 1200 854 1283; x_wconf 80' lang='lat' dir='ltr'>nonhabet,</span> <span class='ocrx_word' id='word_1_92' title='bbox 881 1210 912 1262; x_wconf 86' lang='lat' dir='ltr'>et</span> <span class='ocrx_word' id='word_1_93' title='bbox 933 1201 1032 1281; x_wconf 85' lang='lat' dir='ltr'>primo</span> <span class='ocrx_word' id='word_1_94' title='bbox 1054 1219 1177 1282; x_wconf 82' lang='lat' dir='ltr'>semper</span> <span class='ocrx_word' id='word_1_95' title='bbox 1204 1221 1223 1261; x_wconf 89' lang='lat' dir='ltr'>a</span> 
     </span>
     <span class='ocr_line' id='line_1_13' title="bbox 195 1291 1295 1376; baseline -0.003 -21"><span class='ocrx_word' id='word_1_96' title='bbox 195 1303 283 1376; x_wconf 86' lang='lat' dir='ltr'>partu</span> <span class='ocrx_word' id='word_1_97' title='bbox 301 1293 448 1356; x_wconf 81' lang='lat' dir='ltr'>colostrae</span> <span class='ocrx_word' id='word_1_98' title='bbox 466 1293 551 1372; x_wconf 78' lang='lat' dir='ltr'>liunt,</span> <span class='ocrx_word' id='word_1_99' title='bbox 573 1294 604 1352; x_wconf 86' lang='lat' dir='ltr'>ai</span> <span class='ocrx_word' id='word_1_100' title='bbox 622 1291 821 1352; x_wconf 80' lang='lat' dir='ltr'>admisceatur</span> <span class='ocrx_word' id='word_1_101' title='bbox 839 1308 924 1372; x_wconf 66' lang='lat' dir='ltr'>aqua,</span> <span class='ocrx_word' id='word_1_102' title='bbox 946 1293 977 1350; x_wconf 90' lang='lat' dir='ltr'>in</span> <span class='ocrx_word' id='word_1_103' title='bbox 999 1292 1128 1370; x_wconf 86' lang='lat' dir='ltr'>pumicis</span> <span class='ocrx_word' id='word_1_104' title='bbox 1151 1309 1222 1352; x_wconf 86' lang='lat' dir='ltr'>mo-</span> <span class='ocrx_word' id='word_1_105' title='bbox 1294 1293 1295 1370; x_wconf 36' lang='grc' dir='ltr'><strong>ς</strong></span> 
     </span>
     <span class='ocr_line' id='line_1_14' title="bbox 195 1379 1295 1459; baseline -0.003 -13"><span class='ocrx_word' id='word_1_106' title='bbox 195 1385 266 1446; x_wconf 86' lang='lat' dir='ltr'>dum</span> <span class='ocrx_word' id='word_1_107' title='bbox 296 1389 423 1444; x_wconf 81' lang='lat' dir='ltr'>coeunte</span> <span class='ocrx_word' id='word_1_108' title='bbox 453 1380 571 1442; x_wconf 82' lang='lat' dir='ltr'>duritia.</span> <span class='ocrx_word' id='word_1_109' title='bbox 616 1381 716 1440; x_wconf 84' lang='lat' dir='ltr'>asinae</span> <span class='ocrx_word' id='word_1_110' title='bbox 745 1387 923 1459; x_wconf 79' lang='lat' dir='ltr'>praegnates</span> <span class='ocrx_word' id='word_1_111' title='bbox 948 1382 1095 1443; x_wconf 81' lang='lat' dir='ltr'>continuo</span> <span class='ocrx_word' id='word_1_112' title='bbox 1123 1379 1221 1444; x_wconf 75' lang='lat' dir='ltr'>}aete-</span> <span class='ocrx_word' id='word_1_113' title='bbox 1294 1389 1295 1452; x_wconf 81' lang='lat' dir='ltr'>t</span> 
     </span>
     <span class='ocr_line' id='line_1_15' title="bbox 195 1467 1220 1551; baseline -0.003 -17"><span class='ocrx_word' id='word_1_114' title='bbox 195 1481 292 1534; x_wconf 90' lang='lat' dir='ltr'>scunt.</span> <span class='ocrx_word' id='word_1_115' title='bbox 337 1470 433 1550; x_wconf 89' lang='lat' dir='ltr'>pullos</span> <span class='ocrx_word' id='word_1_116' title='bbox 456 1487 568 1551; x_wconf 80' lang='lat' dir='ltr'>earum,</span> <span class='ocrx_word' id='word_1_117' title='bbox 591 1468 643 1530; x_wconf 91' lang='lat' dir='ltr'>ubi</span> <span class='ocrx_word' id='word_1_118' title='bbox 665 1471 775 1548; x_wconf 81' lang='lat' dir='ltr'>pingue</span> <span class='ocrx_word' id='word_1_119' title='bbox 798 1468 949 1550; x_wconf 87' lang='lat' dir='ltr'>pabulum,</span> <span class='ocrx_word' id='word_1_120' title='bbox 970 1467 1062 1529; x_wconf 87' lang='lat' dir='ltr'>biduo</span> <span class='ocrx_word' id='word_1_121' title='bbox 1084 1487 1102 1529; x_wconf 89' lang='lat' dir='ltr'>a</span> <span class='ocrx_word' id='word_1_122' title='bbox 1124 1478 1220 1549; x_wconf 83' lang='lat' dir='ltr'>partu</span> 
     </span>
     <span class='ocr_line' id='line_1_16' title="bbox 195 1555 1261 1638; baseline -0.008 -16"><span class='ocrx_word' id='word_1_123' title='bbox 195 1569 364 1622; x_wconf 69' lang='lat' dir='ltr'>mmernum</span> <span class='ocrx_word' id='word_1_124' title='bbox 392 1559 452 1620; x_wconf 86' lang='lat' dir='ltr'>loct</span> <span class='ocrx_word' id='word_1_125' title='bbox 478 1566 615 1638; x_wconf 77' lang='lat' dir='ltr'>gustasse</span> <span class='ocrx_word' id='word_1_126' title='bbox 645 1555 733 1619; x_wconf 77' lang='lat' dir='ltr'>letale</span> <span class='ocrx_word' id='word_1_127' title='bbox 762 1566 817 1619; x_wconf 86' lang='lat' dir='ltr'>est.</span> <span class='ocrx_word' id='word_1_128' title='bbox 865 1575 960 1636; x_wconf 79' lang='lat' dir='ltr'>genus</span> <span class='ocrx_word' id='word_1_129' title='bbox 992 1557 1061 1618; x_wconf 80' lang='lat' dir='ltr'>ntuli</span> <span class='ocrx_word' id='word_1_130' title='bbox 1091 1567 1221 1620; x_wconf 76' lang='lat' dir='ltr'>vocatam</span> <span class='ocrx_word' id='word_1_131' title='bbox 1235 1573 1261 1614; x_wconf 84' lang='lat'>15</span> 
     </span>
     <span class='ocr_line' id='line_1_17' title="bbox 198 1650 826 1711; baseline -0.014 0"><span class='ocrx_word' id='word_1_132' title='bbox 198 1650 376 1711; x_wconf 87' lang='lat' dir='ltr'>colostratic.</span> <span class='ocrx_word' id='word_1_133' title='bbox 822 1665 826 1670; x_wconf 88' lang='lat'><em>·</em></span> 
     </span>
    </p>

    <p class='ocr_par' dir='ltr' id='par_1_5' title="bbox 142 1735 1219 1908">
     <span class='ocr_line' id='line_1_18' title="bbox 142 1735 1219 1819; baseline 0.001 -22"><span class='ocrx_word' id='word_1_134' title='bbox 142 1747 195 1797; x_wconf 77' lang='lat'>237</span> <span class='ocrx_word' id='word_1_135' title='bbox 264 1737 375 1798; x_wconf 83' lang='lat' dir='ltr'>Caseus</span> <span class='ocrx_word' id='word_1_136' title='bbox 397 1737 515 1798; x_wconf 73' lang='lat' dir='ltr'>nonsit</span> <span class='ocrx_word' id='word_1_137' title='bbox 537 1755 574 1797; x_wconf 84' lang='lat' dir='ltr'>ex</span> <span class='ocrx_word' id='word_1_138' title='bbox 596 1738 748 1816; x_wconf 83' lang='lat' dir='ltr'>utrimque</span> <span class='ocrx_word' id='word_1_139' title='bbox 771 1735 913 1819; x_wconf 84' lang='lat' dir='ltr'>dentatis,</span> <span class='ocrx_word' id='word_1_140' title='bbox 940 1737 1081 1816; x_wconf 65' lang='lat' dir='ltr'>moniam</span> <span class='ocrx_word' id='word_1_141' title='bbox 1108 1755 1219 1798; x_wconf 78' lang='lat' dir='ltr'>eorum</span> 
     </span>
     <span class='ocr_line' id='line_1_19' title="bbox 195 1824 1217 1908; baseline -0.002 -20"><span class='ocrx_word' id='word_1_142' title='bbox 195 1828 256 1890; x_wconf 89' lang='lat' dir='ltr'>lact</span> <span class='ocrx_word' id='word_1_143' title='bbox 276 1845 337 1888; x_wconf 89' lang='lat' dir='ltr'>non</span> <span class='ocrx_word' id='word_1_144' title='bbox 361 1828 430 1888; x_wconf 86' lang='lat' dir='ltr'>coit.</span> <span class='ocrx_word' id='word_1_145' title='bbox 469 1827 680 1888; x_wconf 88' lang='lat' dir='ltr'>tenuissimum</span> <span class='ocrx_word' id='word_1_146' title='bbox 702 1824 831 1908; x_wconf 82' lang='lat' dir='ltr'>camelis,</span> <span class='ocrx_word' id='word_1_147' title='bbox 854 1842 923 1885; x_wconf 76' lang='lat' dir='ltr'>mor</span> <span class='ocrx_word' id='word_1_148' title='bbox 946 1827 1041 1906; x_wconf 79' lang='lat' dir='ltr'>equis,</span> <span class='ocrx_word' id='word_1_149' title='bbox 1064 1827 1217 1886; x_wconf 77' lang='lat' dir='ltr'>crassissi-</span> 
     </span>
    </p>

    <p class='ocr_par' dir='ltr' id='par_1_6' title="bbox 140 1913 1294 2707">
     <span class='ocr_line' id='line_1_20' title="bbox 140 1913 1215 1997; baseline 0 -23"><span class='ocrx_word' id='word_1_150' title='bbox 140 1924 288 1978; x_wconf 77' lang='lat' dir='ltr'>238mum</span> <span class='ocrx_word' id='word_1_151' title='bbox 311 1918 424 1997; x_wconf 84' lang='lat' dir='ltr'>asinae,</span> <span class='ocrx_word' id='word_1_152' title='bbox 451 1924 486 1976; x_wconf 92' lang='lat' dir='ltr'>ut</span> <span class='ocrx_word' id='word_1_153' title='bbox 508 1933 568 1995; x_wconf 82' lang='lat' dir='ltr'>quo</span> <span class='ocrx_word' id='word_1_154' title='bbox 591 1913 707 1995; x_wconf 82' lang='lat' dir='ltr'>coaguli</span> <span class='ocrx_word' id='word_1_155' title='bbox 729 1916 793 1976; x_wconf 81' lang='lat' dir='ltr'>vioe</span> <span class='ocrx_word' id='word_1_156' title='bbox 817 1920 949 1976; x_wconf 87' lang='lat' dir='ltr'>utantur.</span> <span class='ocrx_word' id='word_1_157' title='bbox 995 1915 1134 1975; x_wconf 84' lang='lat' dir='ltr'>conferre</span> <span class='ocrx_word' id='word_1_158' title='bbox 1163 1915 1215 1974; x_wconf 89' lang='lat' dir='ltr'>ali·</span> 
     </span>
     <span class='ocr_line' id='line_1_21' title="bbox 196 2002 1254 2086; baseline -0.009 -18"><span class='ocrx_word' id='word_1_159' title='bbox 196 2005 268 2086; x_wconf 91' lang='lat' dir='ltr'>quid</span> <span class='ocrx_word' id='word_1_160' title='bbox 296 2013 327 2068; x_wconf 90' lang='lat' dir='ltr'>et</span> <span class='ocrx_word' id='word_1_161' title='bbox 354 2005 476 2066; x_wconf 89' lang='lat' dir='ltr'>candori</span> <span class='ocrx_word' id='word_1_162' title='bbox 502 2007 533 2065; x_wconf 94' lang='lat' dir='ltr'>in</span> <span class='ocrx_word' id='word_1_163' title='bbox 561 2003 721 2065; x_wconf 81' lang='lat' dir='ltr'>mulierum</span> <span class='ocrx_word' id='word_1_164' title='bbox 748 2011 817 2065; x_wconf 83' lang='lat' dir='ltr'>cute</span> <span class='ocrx_word' id='word_1_165' title='bbox 840 2005 1034 2065; x_wconf 66' lang='lat' dir='ltr'>existimatur.</span> <span class='ocrx_word' id='word_1_166' title='bbox 1075 2002 1213 2083; x_wconf 87' lang='lat' dir='ltr'>Poppaea</span> <span class='ocrx_word' id='word_1_167' title='bbox 1227 2019 1254 2058; x_wconf 82' lang='lat' dir='ltr'>oo</span> 
     </span>
     <span class='ocr_line' id='line_1_22' title="bbox 196 2093 1216 2173; baseline -0.004 -17"><span class='ocrx_word' id='word_1_168' title='bbox 196 2103 278 2156; x_wconf 87' lang='lat' dir='ltr'>certe</span> <span class='ocrx_word' id='word_1_169' title='bbox 297 2093 407 2155; x_wconf 84' lang='lat' dir='ltr'>Dmniti</span> <span class='ocrx_word' id='word_1_170' title='bbox 425 2093 553 2154; x_wconf 90' lang='lat' dir='ltr'>Neronis</span> <span class='ocrx_word' id='word_1_171' title='bbox 572 2095 701 2154; x_wconf 83' lang='lat' dir='ltr'>coniunx</span> <span class='ocrx_word' id='word_1_172' title='bbox 723 2094 901 2173; x_wconf 85' lang='lat' dir='ltr'>quingentas</span> <span class='ocrx_word' id='word_1_173' title='bbox 919 2093 1091 2172; x_wconf 87' lang='lat' dir='ltr'>peremnia</span> <span class='ocrx_word' id='word_1_174' title='bbox 1110 2109 1216 2153; x_wconf 86' lang='lat' dir='ltr'>secum</span> 
     </span>
     <span class='ocr_line' id='line_1_23' title="bbox 196 2179 1216 2261; baseline -0.002 -17"><span class='ocrx_word' id='word_1_175' title='bbox 196 2185 271 2245; x_wconf 87' lang='lat' dir='ltr'>letas</span> <span class='ocrx_word' id='word_1_176' title='bbox 289 2183 411 2244; x_wconf 88' lang='lat' dir='ltr'>trahens</span> <span class='ocrx_word' id='word_1_177' title='bbox 429 2181 602 2243; x_wconf 84' lang='lat' dir='ltr'>balnearum</span> <span class='ocrx_word' id='word_1_178' title='bbox 620 2183 709 2243; x_wconf 79' lang='lat' dir='ltr'>etiam</span> <span class='ocrx_word' id='word_1_179' title='bbox 726 2181 803 2244; x_wconf 88' lang='lat' dir='ltr'>solio</span> <span class='ocrx_word' id='word_1_180' title='bbox 820 2189 918 2243; x_wconf 84' lang='lat' dir='ltr'>totum</span> <span class='ocrx_word' id='word_1_181' title='bbox 935 2197 1046 2261; x_wconf 92' lang='lat' dir='ltr'>corpus</span> <span class='ocrx_word' id='word_1_182' title='bbox 1062 2179 1114 2242; x_wconf 88' lang='lat' dir='ltr'>illc</span> <span class='ocrx_word' id='word_1_183' title='bbox 1137 2181 1216 2242; x_wconf 85' lang='lat' dir='ltr'>lacte</span> 
     </span>
     <span class='ocr_line' id='line_1_24' title="bbox 195 2271 1216 2355; baseline -0.004 -21"><span class='ocrx_word' id='word_1_184' title='bbox 195 2271 376 2355; x_wconf 83' lang='lat' dir='ltr'>macerabat,</span> <span class='ocrx_word' id='word_1_185' title='bbox 399 2271 519 2333; x_wconf 88' lang='lat' dir='ltr'>extendi</span> <span class='ocrx_word' id='word_1_186' title='bbox 541 2289 661 2350; x_wconf 86' lang='lat' dir='ltr'>quoque</span> <span class='ocrx_word' id='word_1_187' title='bbox 689 2279 789 2333; x_wconf 85' lang='lat' dir='ltr'>cutem</span> <span class='ocrx_word' id='word_1_188' title='bbox 817 2271 952 2332; x_wconf 89' lang='lat' dir='ltr'>credens.</span> <span class='ocrx_word' id='word_1_189' title='bbox 997 2287 1085 2331; x_wconf 89' lang='lat' dir='ltr'>omne</span> <span class='ocrx_word' id='word_1_190' title='bbox 1113 2278 1216 2332; x_wconf 86' lang='lat' dir='ltr'>autem</span> 
     </span>
     <span class='ocr_line' id='line_1_25' title="bbox 195 2357 1294 2442; baseline -0.001 -20"><span class='ocrx_word' id='word_1_191' title='bbox 195 2364 263 2442; x_wconf 88' lang='lat' dir='ltr'>igne</span> <span class='ocrx_word' id='word_1_192' title='bbox 287 2364 446 2442; x_wconf 83' lang='lat' dir='ltr'>spissatur,</span> <span class='ocrx_word' id='word_1_193' title='bbox 472 2378 577 2421; x_wconf 87' lang='lat' dir='ltr'>umore</span> <span class='ocrx_word' id='word_1_194' title='bbox 605 2361 754 2422; x_wconf 72' lang='lat' dir='ltr'>fervescit.</span> <span class='ocrx_word' id='word_1_195' title='bbox 798 2359 944 2421; x_wconf 89' lang='lat' dir='ltr'>bubulum</span> <span class='ocrx_word' id='word_1_196' title='bbox 971 2377 1056 2420; x_wconf 85' lang='lat' dir='ltr'>caseo</span> <span class='ocrx_word' id='word_1_197' title='bbox 1083 2359 1216 2421; x_wconf 79' lang='lat' dir='ltr'>fertilius</span> <span class='ocrx_word' id='word_1_198' title='bbox 1293 2357 1294 2440; x_wconf 64' lang='lat' dir='ltr'>l</span> 
     </span>
     <span class='ocr_line' id='line_1_26' title="bbox 196 2447 1251 2532; baseline -0.007 -22"><span class='ocrx_word' id='word_1_199' title='bbox 196 2469 285 2530; x_wconf 89' lang='lat' dir='ltr'>quam</span> <span class='ocrx_word' id='word_1_200' title='bbox 313 2451 481 2532; x_wconf 79' lang='lat' dir='ltr'>caprinum,</span> <span class='ocrx_word' id='word_1_201' title='bbox 514 2468 550 2510; x_wconf 85' lang='lat' dir='ltr'>ex</span> <span class='ocrx_word' id='word_1_202' title='bbox 578 2448 682 2510; x_wconf 83' lang='lat' dir='ltr'>eadem</span> <span class='ocrx_word' id='word_1_203' title='bbox 707 2467 849 2510; x_wconf 85' lang='lat' dir='ltr'>mensura</span> <span class='ocrx_word' id='word_1_204' title='bbox 874 2467 969 2529; x_wconf 85' lang='lat' dir='ltr'>paene</span> <span class='ocrx_word' id='word_1_205' title='bbox 996 2447 1090 2509; x_wconf 84' lang='lat' dir='ltr'>altero</span> <span class='ocrx_word' id='word_1_206' title='bbox 1120 2457 1213 2510; x_wconf 78' lang='lat' dir='ltr'>tante</span> <span class='ocrx_word' id='word_1_207' title='bbox 1227 2462 1251 2503; x_wconf 83' lang='lat' dir='ltr'>ss</span> 
     </span>
     <span class='ocr_line' id='line_1_27' title="bbox 196 2537 1214 2620; baseline 0 -21"><span class='ocrx_word' id='word_1_208' title='bbox 196 2556 271 2618; x_wconf 89' lang='lat' dir='ltr'>quae</span> <span class='ocrx_word' id='word_1_209' title='bbox 298 2538 401 2618; x_wconf 90' lang='lat' dir='ltr'>plures</span> <span class='ocrx_word' id='word_1_210' title='bbox 424 2539 578 2618; x_wconf 89' lang='lat' dir='ltr'>quaternis</span> <span class='ocrx_word' id='word_1_211' title='bbox 605 2555 747 2599; x_wconf 87' lang='lat' dir='ltr'>mammas</span> <span class='ocrx_word' id='word_1_212' title='bbox 774 2538 884 2600; x_wconf 83' lang='lat' dir='ltr'>habeut</span> <span class='ocrx_word' id='word_1_213' title='bbox 911 2555 997 2599; x_wconf 90' lang='lat' dir='ltr'>caseo</span> <span class='ocrx_word' id='word_1_214' title='bbox 1024 2537 1156 2620; x_wconf 87' lang='lat' dir='ltr'>inutilia,</span> <span class='ocrx_word' id='word_1_215' title='bbox 1183 2546 1214 2599; x_wconf 89' lang='lat' dir='ltr'>ct</span> 
     </span>
     <span class='ocr_line' id='line_1_28' title="bbox 195 2626 533 2707; baseline -0.003 -19"><span class='ocrx_word' id='word_1_216' title='bbox 195 2627 318 2688; x_wconf 90' lang='lat' dir='ltr'>meliora</span> <span class='ocrx_word' id='word_1_217' title='bbox 340 2645 416 2707; x_wconf 86' lang='lat' dir='ltr'>quae</span> <span class='ocrx_word' id='word_1_218' title='bbox 439 2626 533 2688; x_wconf 77' lang='lat' dir='ltr'>binas,</span> 
     </span>
    </p>
   </div>
   <div class='ocr_carea' id='block_1_4' title="bbox 193 2797 1215 3722">
    <p class='ocr_par' dir='ltr' id='par_1_7' title="bbox 193 2797 1212 3153">
     <span class='ocr_line' id='line_1_29' title="bbox 269 2797 1210 2868; baseline 0.002 -16"><span class='ocrx_word' id='word_1_219' title='bbox 269 2805 283 2852; x_wconf 94' lang='lat'>1</span> <span class='ocrx_word' id='word_1_220' title='bbox 309 2797 449 2868; x_wconf 75' lang='lat' dir='ltr'>dependet</span> <span class='ocrx_word' id='word_1_221' title='bbox 465 2802 497 2851; x_wconf 79' lang='lat' dir='ltr'>n.</span> <span class='ocrx_word' id='word_1_222' title='bbox 530 2797 611 2852; x_wconf 80' lang='lat' dir='ltr'>-dant</span> <span class='ocrx_word' id='word_1_223' title='bbox 626 2803 662 2851; x_wconf 73' lang='grc' dir='ltr'>Ι,</span> <span class='ocrx_word' id='word_1_224' title='bbox 695 2797 757 2852; x_wconf 76' lang='lat' dir='ltr'>-dei</span> <span class='ocrx_word' id='word_1_225' title='bbox 779 2798 817 2852; x_wconf 76' lang='grc' dir='ltr'>ι’.</span> <span class='ocrx_word' id='word_1_226' title='bbox 849 2797 983 2852; x_wconf 74' lang='lat' dir='ltr'>defendet</span> <span class='ocrx_word' id='word_1_227' title='bbox 1003 2802 1054 2853; x_wconf 76' lang='lat' dir='ltr'>nrt</span> <span class='ocrx_word' id='word_1_228' title='bbox 1087 2815 1151 2852; x_wconf 80' lang='lat' dir='ltr'>-nsa</span> <span class='ocrx_word' id='word_1_229' title='bbox 1173 2799 1210 2854; x_wconf 71' lang='lat'>⁸¹.</span> 
     </span>
     <span class='ocr_line' id='line_1_30' title="bbox 194 2869 1212 2928; baseline 0 -4"><span class='ocrx_word' id='word_1_230' title='bbox 194 2869 339 2924; x_wconf 81' lang='lat' dir='ltr'>descendit</span> <span class='ocrx_word' id='word_1_231' title='bbox 355 2885 380 2928; x_wconf 85' lang='lat' dir='ltr'>c.</span> <span class='ocrx_word' id='word_1_232' title='bbox 466 2869 637 2924; x_wconf 76' lang='lat' dir='ltr'>tlambiiur</span> <span class='ocrx_word' id='word_1_233' title='bbox 653 2874 709 2924; x_wconf 70' lang='lat' dir='ltr'>lc.</span> <span class='ocrx_word' id='word_1_234' title='bbox 737 2869 797 2923; x_wconf 87' lang='lat' dir='ltr'>lab·</span> <span class='ocrx_word' id='word_1_235' title='bbox 814 2874 846 2924; x_wconf 63' lang='lat' dir='ltr'>R</span> <span class='ocrx_word' id='word_1_236' title='bbox 873 2869 951 2922; x_wconf 85' lang='lat' dir='ltr'>amb·</span> <span class='ocrx_word' id='word_1_237' title='bbox 969 2886 992 2924; x_wconf 78' lang='lat' dir='ltr'>r.</span> <span class='ocrx_word' id='word_1_238' title='bbox 1075 2869 1212 2924; x_wconf 70' lang='lat' dir='ltr'>amarini</span> 
     </span>
     <span class='ocr_line' id='line_1_31' title="bbox 195 2939 1211 3010; baseline 0.001 -15"><span class='ocrx_word' id='word_1_239' title='bbox 195 2942 264 2996; x_wconf 75' lang='lat' dir='ltr'>cotti.</span> <span class='ocrx_word' id='word_1_240' title='bbox 278 2940 345 2998; x_wconf 80' lang='lat' dir='ltr'>Dat.</span> <span class='ocrx_word' id='word_1_241' title='bbox 365 2940 415 3008; x_wconf 78' lang='lat' dir='ltr'>cfr.</span> <span class='ocrx_word' id='word_1_242' title='bbox 426 2940 514 2996; x_wconf 78' lang='lat' dir='ltr'>Arist.</span> <span class='ocrx_word' id='word_1_243' title='bbox 528 2941 554 2994; x_wconf 89' lang='lat' dir='ltr'>b.</span> <span class='ocrx_word' id='word_1_244' title='bbox 568 2957 594 2995; x_wconf 87' lang='lat' dir='ltr'>c.</span> <span class='ocrx_word' id='word_1_245' title='bbox 604 2943 699 2996; x_wconf 81' lang='lat'><em>11120</em></span> <span class='ocrx_word' id='word_1_246' title='bbox 708 2956 739 3009; x_wconf 79' lang='lat' dir='ltr'>p.</span> <span class='ocrx_word' id='word_1_247' title='bbox 750 2945 805 2997; x_wconf 75' lang='lat'>521</span> <span class='ocrx_word' id='word_1_248' title='bbox 813 2939 851 3006; x_wconf 84' lang='lat' dir='ltr'>B,</span> <span class='ocrx_word' id='word_1_249' title='bbox 858 2943 974 2996; x_wconf 60' lang='lat' dir='ltr'>assem.</span> <span class='ocrx_word' id='word_1_250' title='bbox 989 2940 1047 2995; x_wconf 77' lang='lat' dir='ltr'>lio.</span> <span class='ocrx_word' id='word_1_251' title='bbox 1116 2947 1132 2996; x_wconf 84' lang='lat'>6</span> <span class='ocrx_word' id='word_1_252' title='bbox 1147 2957 1211 3010; x_wconf 81' lang='lat' dir='ltr'>prc-</span> 
     </span>
     <span class='ocr_line' id='line_1_32' title="bbox 193 3010 1211 3082; baseline 0 -16"><span class='ocrx_word' id='word_1_253' title='bbox 193 3011 288 3066; x_wconf 83' lang='lat' dir='ltr'>fusum</span> <span class='ocrx_word' id='word_1_254' title='bbox 304 3017 361 3066; x_wconf 67' lang='lat' dir='ltr'>lv.</span> <span class='ocrx_word' id='word_1_255' title='bbox 389 3011 465 3082; x_wconf 83' lang='lat' dir='ltr'>praf-</span> <span class='ocrx_word' id='word_1_256' title='bbox 484 3017 515 3066; x_wconf 82' lang='lat' dir='ltr'>tt.</span> <span class='ocrx_word' id='word_1_257' title='bbox 540 3011 675 3066; x_wconf 80' lang='lat' dir='ltr'>iusumr.</span> <span class='ocrx_word' id='word_1_258' title='bbox 749 3010 959 3066; x_wconf 55' lang='lat' dir='ltr'>aeonum.</span> <span class='ocrx_word' id='word_1_259' title='bbox 982 3010 1083 3066; x_wconf 74' lang='lat' dir='ltr'>einer.</span> <span class='ocrx_word' id='word_1_260' title='bbox 1109 3013 1113 3078; x_wconf 85' lang='grc' dir='ltr'>Ι</span> <span class='ocrx_word' id='word_1_261' title='bbox 1138 3028 1211 3080; x_wconf 88' lang='lat' dir='ltr'>equo</span> 
     </span>
     <span class='ocr_line' id='line_1_33' title="bbox 194 3081 1209 3153; baseline 0 -15"><span class='ocrx_word' id='word_1_262' title='bbox 194 3088 226 3138; x_wconf 66' lang='lat' dir='ltr'>R</span> <span class='ocrx_word' id='word_1_263' title='bbox 248 3083 325 3151; x_wconf 88' lang='lat' dir='ltr'>quod</span> <span class='ocrx_word' id='word_1_264' title='bbox 337 3082 404 3136; x_wconf 66' lang='lat'><strong>11¹⁸.</strong></span> <span class='ocrx_word' id='word_1_265' title='bbox 485 3089 501 3137; x_wconf 82' lang='lat' dir='ltr'>a</span> <span class='ocrx_word' id='word_1_266' title='bbox 520 3083 580 3138; x_wconf 73' lang='lat' dir='ltr'>laet</span> <span class='ocrx_word' id='word_1_267' title='bbox 597 3083 652 3153; x_wconf 84' lang='lat' dir='ltr'>(lac</span> <span class='ocrx_word' id='word_1_268' title='bbox 669 3084 704 3152; x_wconf 75' lang='lat' dir='ltr'>R)</span> <span class='ocrx_word' id='word_1_269' title='bbox 723 3082 829 3138; x_wconf 75' lang='lat' dir='ltr'>hebeni</span> <span class='ocrx_word' id='word_1_270' title='bbox 844 3081 992 3136; x_wconf 74' lang='lat' dir='ltr'>IBBarb.</span> <span class='ocrx_word' id='word_1_271' title='bbox 1004 3081 1066 3140; x_wconf 80' lang='lat' dir='ltr'>,loe</span> <span class='ocrx_word' id='word_1_272' title='bbox 1083 3083 1171 3136; x_wconf 77' lang='lat' dir='ltr'>laben</span> <span class='ocrx_word' id='word_1_273' title='bbox 1185 3099 1209 3140; x_wconf 83' lang='lat' dir='ltr'>r.</span> 
     </span>
    </p>

    <p class='ocr_par' dir='ltr' id='par_1_8' title="bbox 193 3152 1215 3722">
     <span class='ocr_line' id='line_1_34' title="bbox 267 3152 1211 3222; baseline 0.001 -15"><span class='ocrx_word' id='word_1_274' title='bbox 267 3159 301 3208; x_wconf 90' lang='lat'>10</span> <span class='ocrx_word' id='word_1_275' title='bbox 318 3154 348 3208; x_wconf 88' lang='lat' dir='ltr'>id</span> <span class='ocrx_word' id='word_1_276' title='bbox 361 3159 424 3208; x_wconf 72' lang='lat' dir='ltr'>ss.</span> <span class='ocrx_word' id='word_1_277' title='bbox 448 3153 495 3209; x_wconf 87' lang='lat' dir='ltr'>hic</span> <span class='ocrx_word' id='word_1_278' title='bbox 512 3171 537 3209; x_wconf 83' lang='lat' dir='ltr'>r.</span> <span class='ocrx_word' id='word_1_279' title='bbox 560 3155 615 3209; x_wconf 89' lang='lat' dir='ltr'>boc</span> <span class='ocrx_word' id='word_1_280' title='bbox 633 3171 658 3209; x_wconf 86' lang='lat' dir='ltr'>o.</span> <span class='ocrx_word' id='word_1_281' title='bbox 732 3159 764 3208; x_wconf 90' lang='lat'>11</span> <span class='ocrx_word' id='word_1_282' title='bbox 784 3152 974 3209; x_wconf 64' lang='lat' dir='ltr'>bosuwc.</span> <span class='ocrx_word' id='word_1_283' title='bbox 1001 3153 1046 3207; x_wconf 87' lang='lat' dir='ltr'>bis</span> <span class='ocrx_word' id='word_1_284' title='bbox 1063 3153 1211 3222; x_wconf 68' lang='lat' dir='ltr'>elhahei</span> 
     </span>
     <span class='ocr_line' id='line_1_35' title="bbox 194 3224 1210 3295; baseline -0.002 -15"><span class='ocrx_word' id='word_1_285' title='bbox 194 3227 225 3280; x_wconf 83' lang='lat' dir='ltr'>et</span> <span class='ocrx_word' id='word_1_286' title='bbox 240 3231 304 3279; x_wconf 69' lang='lat'>112.</span> <span class='ocrx_word' id='word_1_287' title='bbox 335 3225 462 3280; x_wconf 79' lang='lat' dir='ltr'>habeant</span> <span class='ocrx_word' id='word_1_288' title='bbox 479 3227 552 3295; x_wconf 76' lang='lat' dir='ltr'>(ent</span> <span class='ocrx_word' id='word_1_289' title='bbox 566 3225 607 3295; x_wconf 56' lang='grc' dir='ltr'>αἱ)</span> <span class='ocrx_word' id='word_1_290' title='bbox 626 3241 661 3280; x_wconf 86' lang='lat' dir='ltr'>ex</span> <span class='ocrx_word' id='word_1_291' title='bbox 678 3225 766 3280; x_wconf 64' lang='lat' dir='ltr'>nebi.</span> <span class='ocrx_word' id='word_1_292' title='bbox 797 3225 892 3282; x_wconf 82' lang='lat' dir='ltr'>habeb.</span> <span class='ocrx_word' id='word_1_293' title='bbox 910 3224 995 3279; x_wconf 70' lang='lat' dir='ltr'>Ero.</span> <span class='ocrx_word' id='word_1_294' title='bbox 1075 3229 1109 3278; x_wconf 77' lang='lat'>12</span> <span class='ocrx_word' id='word_1_295' title='bbox 1127 3227 1210 3295; x_wconf 80' lang='lat' dir='ltr'>partu</span> 
     </span>
     <span class='ocr_line' id='line_1_36' title="bbox 194 3295 1210 3367; baseline 0.002 -18"><span class='ocrx_word' id='word_1_296' title='bbox 194 3296 312 3350; x_wconf 70' lang='lat' dir='ltr'>wdc.</span> <span class='ocrx_word' id='word_1_297' title='bbox 336 3298 409 3351; x_wconf 65' lang='lat' dir='ltr'>dnm</span> <span class='ocrx_word' id='word_1_298' title='bbox 421 3297 465 3350; x_wconf 67' lang='lat'>1³¹.</span> <span class='ocrx_word' id='word_1_299' title='bbox 489 3313 541 3366; x_wconf 83' lang='lat' dir='ltr'>par</span> <span class='ocrx_word' id='word_1_300' title='bbox 553 3302 585 3350; x_wconf 82' lang='lat' dir='ltr'>tt.</span> <span class='ocrx_word' id='word_1_301' title='bbox 607 3299 720 3366; x_wconf 84' lang='lat' dir='ltr'>perium</span> <span class='ocrx_word' id='word_1_302' title='bbox 732 3315 759 3351; x_wconf 74' lang='grc' dir='ltr'>ι.</span> <span class='ocrx_word' id='word_1_303' title='bbox 774 3297 780 3365; x_wconf 80' lang='grc' dir='ltr'>Ι</span> <span class='ocrx_word' id='word_1_304' title='bbox 793 3295 914 3367; x_wconf 82' lang='lat' dir='ltr'>pumicis</span> <span class='ocrx_word' id='word_1_305' title='bbox 927 3297 988 3352; x_wconf 76' lang='lat' dir='ltr'>llo.</span> <span class='ocrx_word' id='word_1_306' title='bbox 1007 3311 1123 3366; x_wconf 73' lang='lat' dir='ltr'>spumae</span> <span class='ocrx_word' id='word_1_307' title='bbox 1137 3296 1210 3351; x_wconf 76' lang='lat' dir='ltr'>Dect.</span> 
     </span>
     <span class='ocr_line' id='line_1_37' title="bbox 195 3366 1215 3438; baseline -0.001 -15"><span class='ocrx_word' id='word_1_308' title='bbox 195 3366 368 3438; x_wconf 74' lang='lat' dir='ltr'>coll.§239.</span> <span class='ocrx_word' id='word_1_309' title='bbox 392 3368 717 3438; x_wconf 70' lang='lat' dir='ltr'>aco.nov.tuc.p.11.</span> <span class='ocrx_word' id='word_1_310' title='bbox 809 3374 841 3422; x_wconf 82' lang='grc'>13</span> <span class='ocrx_word' id='word_1_311' title='bbox 865 3369 969 3423; x_wconf 71' lang='lat' dir='ltr'>coeunt</span> <span class='ocrx_word' id='word_1_312' title='bbox 985 3374 1037 3423; x_wconf 69' lang='lat' dir='ltr'>na</span> <span class='ocrx_word' id='word_1_313' title='bbox 1123 3371 1158 3422; x_wconf 73' lang='lat'>²0</span> <span class='ocrx_word' id='word_1_314' title='bbox 1181 3370 1215 3422; x_wconf 81' lang='lat' dir='ltr'>eb&#39;</span> 
     </span>
     <span class='ocr_line' id='line_1_38' title="bbox 195 3438 1209 3508; baseline 0.002 -16"><span class='ocrx_word' id='word_1_315' title='bbox 195 3439 310 3494; x_wconf 81' lang='lat' dir='ltr'>candori</span> <span class='ocrx_word' id='word_1_316' title='bbox 327 3443 412 3492; x_wconf 67' lang='lat' dir='ltr'>llic.</span> <span class='ocrx_word' id='word_1_317' title='bbox 445 3455 479 3492; x_wconf 86' lang='lat' dir='ltr'>ex</span> <span class='ocrx_word' id='word_1_318' title='bbox 498 3438 619 3496; x_wconf 79' lang='lat' dir='ltr'>candore</span> <span class='ocrx_word' id='word_1_319' title='bbox 636 3457 660 3496; x_wconf 81' lang='lat' dir='ltr'>r.</span> <span class='ocrx_word' id='word_1_320' title='bbox 692 3440 724 3494; x_wconf 76' lang='lat' dir='ltr'>ia</span> <span class='ocrx_word' id='word_1_321' title='bbox 741 3444 766 3493; x_wconf 74' lang='lat' dir='ltr'>B</span> <span class='ocrx_word' id='word_1_322' title='bbox 783 3440 927 3494; x_wconf 54' lang='grc' dir='ltr'>ἱκταίου</span> <span class='ocrx_word' id='word_1_323' title='bbox 940 3443 1084 3508; x_wconf 66' lang='lat' dir='ltr'>procoma</span> <span class='ocrx_word' id='word_1_324' title='bbox 1101 3445 1142 3502; x_wconf 68' lang='lat' dir='ltr'>eet</span> <span class='ocrx_word' id='word_1_325' title='bbox 1160 3439 1209 3494; x_wconf 81' lang='lat' dir='ltr'>boc</span> 
     </span>
     <span class='ocr_line' id='line_1_39' title="bbox 193 3509 1207 3580; baseline 0.001 -15"><span class='ocrx_word' id='word_1_326' title='bbox 193 3510 286 3565; x_wconf 83' lang='lat' dir='ltr'>modo:</span> <span class='ocrx_word' id='word_1_327' title='bbox 309 3509 425 3579; x_wconf 81' lang='lat' dir='ltr'>aliquod</span> <span class='ocrx_word' id='word_1_328' title='bbox 443 3512 473 3564; x_wconf 78' lang='lat' dir='ltr'>ei</span> <span class='ocrx_word' id='word_1_329' title='bbox 490 3509 595 3565; x_wconf 79' lang='lat' dir='ltr'>candor</span> <span class='ocrx_word' id='word_1_330' title='bbox 612 3510 686 3566; x_wconf 83' lang='lat' dir='ltr'>ferre</span> <span class='ocrx_word' id='word_1_331' title='bbox 704 3510 811 3579; x_wconf 80' lang='lat' dir='ltr'>aliquid</span> <span class='ocrx_word' id='word_1_332' title='bbox 830 3513 860 3565; x_wconf 83' lang='lat' dir='ltr'>ei</span> <span class='ocrx_word' id='word_1_333' title='bbox 877 3509 1002 3565; x_wconf 86' lang='lat' dir='ltr'>candori.</span> <span class='ocrx_word' id='word_1_334' title='bbox 1087 3515 1123 3566; x_wconf 78' lang='lat'>23</span> <span class='ocrx_word' id='word_1_335' title='bbox 1141 3527 1207 3580; x_wconf 88' lang='lat' dir='ltr'>quc·</span> 
     </span>
     <span class='ocr_line' id='line_1_40' title="bbox 193 3580 1207 3652; baseline 0.002 -16"><span class='ocrx_word' id='word_1_336' title='bbox 193 3595 311 3649; x_wconf 87' lang='lat' dir='ltr'>rumque</span> <span class='ocrx_word' id='word_1_337' title='bbox 329 3585 361 3635; x_wconf 81' lang='lat' dir='ltr'>lt.</span> <span class='ocrx_word' id='word_1_338' title='bbox 434 3587 469 3635; x_wconf 68' lang='lat'>24</span> <span class='ocrx_word' id='word_1_339' title='bbox 486 3597 585 3636; x_wconf 89' lang='lat' dir='ltr'>umore</span> <span class='ocrx_word' id='word_1_340' title='bbox 602 3581 736 3636; x_wconf 81' lang='lat' dir='ltr'>famescit</span> <span class='ocrx_word' id='word_1_341' title='bbox 753 3580 835 3650; x_wconf 82' lang='lat' dir='ltr'>(ferb-</span> <span class='ocrx_word' id='word_1_342' title='bbox 849 3583 903 3651; x_wconf 79' lang='lat' dir='ltr'>nd)</span> <span class='ocrx_word' id='word_1_343' title='bbox 918 3583 946 3637; x_wconf 85' lang='lat' dir='ltr'>tt.</span> <span class='ocrx_word' id='word_1_344' title='bbox 956 3583 1015 3637; x_wconf 78' lang='lat' dir='ltr'>edd.</span> <span class='ocrx_word' id='word_1_345' title='bbox 1025 3586 1086 3637; x_wconf 85' lang='lat' dir='ltr'>octt.</span> <span class='ocrx_word' id='word_1_346' title='bbox 1104 3581 1207 3652; x_wconf 86' lang='lat' dir='ltr'>frigore</span> 
     </span>
     <span class='ocr_line' id='line_1_41' title="bbox 195 3652 945 3722; baseline 0.003 -16"><span class='ocrx_word' id='word_1_347' title='bbox 195 3653 310 3708; x_wconf 81' lang='lat' dir='ltr'>sereseib</span> <span class='ocrx_word' id='word_1_348' title='bbox 322 3652 411 3707; x_wconf 77' lang='lat' dir='ltr'>Bari.</span> <span class='ocrx_word' id='word_1_349' title='bbox 430 3653 490 3707; x_wconf 87' lang='lat' dir='ltr'>coll.</span> <span class='ocrx_word' id='word_1_350' title='bbox 504 3653 585 3708; x_wconf 65' lang='lat' dir='ltr'>Arist</span> <span class='ocrx_word' id='word_1_351' title='bbox 597 3653 623 3706; x_wconf 86' lang='lat' dir='ltr'>b.</span> <span class='ocrx_word' id='word_1_352' title='bbox 639 3669 665 3708; x_wconf 84' lang='lat' dir='ltr'>a.</span> <span class='ocrx_word' id='word_1_353' title='bbox 680 3654 775 3710; x_wconf 71' lang='lat'><em>[1120</em></span> <span class='ocrx_word' id='word_1_354' title='bbox 784 3668 816 3722; x_wconf 79' lang='lat' dir='ltr'>p.</span> <span class='ocrx_word' id='word_1_355' title='bbox 826 3658 892 3720; x_wconf 77' lang='lat'><em>521,</em></span> <span class='ocrx_word' id='word_1_356' title='bbox 901 3657 945 3708; x_wconf 77' lang='lat'>34.</span> 
     </span>
    </p>
   </div>
   <div class='ocr_carea' id='block_1_5' title="bbox 0 0 1310 3960">
    <p class='ocr_par' dir='ltr' id='par_1_9' title="bbox 0 0 1310 3960">
     <span class='ocr_line' id='line_1_42' title="bbox 0 0 1310 3960; baseline 0 2"><span class='ocrx_word' id='word_1_357' title='bbox 0 0 1310 3960; x_wconf 95' lang='lat' dir='ltr'> </span> 
     </span>
    </p>
   </div>
  </div>
 </body>
</html>
