2588 3956
199 101 241 164 74
545 99 574 156 o,
593 97 692 153 earm
712 70 870 154 succum

140 263 176 312 75
197 252 314 312 feritate
343 267 462 328 semper
490 250 652 310 intereunt.
703 249 781 328 apud
811 249 930 308 eosdem
960 250 1042 308 nasci
1072 247 1225 309 Ctesias

196 339 301 400 scribit
323 356 419 416 quarn,
435 337 640 398 mantichoran
666 337 794 416 appellat
816 338 925 417 triplici
949 338 1084 398 dentium
1107 337 1223 398 ordine

195 429 368 507 pectinatim
396 428 581 507 coeuntium,
613 427 687 486 facie
716 434 747 486 et
773 426 915 486 utriculis
941 425 1083 507 bominis,
1118 425 1223 486 oculis

195 517 316 597 glaucis,
339 515 438 576 colore
462 517 633 596 sanguineo,
657 532 782 594 corpore
801 516 905 596 leonis,
928 515 1020 575 cauda
1044 517 1221 594 scorpionis

195 606 282 666 modo
307 605 419 684 spionia
442 605 627 684 infigentem,
649 606 730 664 vocis
754 611 787 664 ut
811 607 836 664 si
858 606 1018 664 misceatur
1041 602 1163 664 fistulae
1190 609 1253 662 eta

195 694 284 754 tubae
309 701 485 772 concentus,
513 693 677 753 velocitatis
700 710 836 774 magnae,
862 692 984 752 hnmani
1007 693 1146 771 corporis
1172 690 1219 751 vel

140 796 176 844 us
195 785 355 863 praecipue
378 783 575 862 adpetentem.
607 775 680 863 (31)
704 783 735 842 in
758 781 840 841 lndia
863 787 894 841 et
915 780 1007 841 boves
1031 779 1136 841 solidis
1161 799 1219 840 un-

196 871 286 953 guliS,
310 874 482 952 unicorneS,
506 878 536 930 et
554 870 648 931 feram
670 872 790 930 nomine
814 872 880 930 axin
902 869 1014 930 hinulei
1033 868 1124 950 pelle,
1150 869 1219 948 plur

196 960 279 1021 ribus
299 959 577 1039 candidioribusque
597 957 733 1040 masnile,
757 976 910 1019 sacrorum
928 957 1029 1018 Liberi
1047 961 1157 1038 patris;
1174 991 1218 1000 -

196 1043 316 1132 (Orsaei
338 1049 404 1110 ludi
432 1051 531 1109 simias
559 1047 720 1110 candentes
743 1054 807 1133 toto
833 1065 958 1127 corpore
982 1039 1146 1127 venantur)
1173 1079 1218 1088 —-
1234 1060 1259 1099 1⁰

134 1139 136 1142 ’
195 1141 388 1218 asperrimam
420 1144 520 1198 autem
547 1137 640 1196 leram
667 1144 901 1216 monocerotem,
935 1135 1051 1214 reliquo
1082 1153 1217 1214 corpore

196 1245 273 1307 equo
293 1227 428 1307 similem,
451 1228 547 1305 capite
565 1243 663 1306 cervo,
685 1223 812 1304 pedibus
831 1223 996 1307 elephanto,
1019 1222 1112 1284 cauda
1131 1241 1217 1304 apro,

194 1318 310 1394 mugitu
338 1317 432 1395 gravi,
465 1332 525 1374 uno
553 1331 648 1374 cornu
676 1315 761 1392 nigro
791 1313 887 1374 media
915 1314 1012 1374 fronte
1041 1312 1217 1374 cubitorum

195 1405 287 1465 duum
311 1407 468 1464 eminente.
514 1402 590 1463 hane
613 1404 707 1465 leram
729 1403 824 1462 vivam
847 1409 955 1481 negant
978 1404 1051 1481 capi.

139 1505 175 1552 '17
262 1487 336 1574 (32)
382 1491 467 1570 Apud
495 1489 657 1569 Hesperios
684 1491 844 1571 Aethiopas
871 1492 938 1551 lons
966 1498 1013 1551 est
1034 1489 1149 1570 NigriS,
1181 1498 1216 1550 ut
1231 1502 1254 1542 15

136 1581 329 1660 aaapleriqne
354 1581 568 1661 existimavere,
592 1579 651 1640 Nili
669 1587 766 1661 caput,
789 1587 823 1640 ut
846 1587 1019 1658 argumenta
1042 1595 1118 1658 quae
1138 1579 1214 1639 dixi·

195 1688 261 1730 mus
290 1668 480 1748 persuadent.
529 1670 612 1729 iuxta
638 1668 718 1729 hunc
748 1669 810 1728 sera
840 1668 1003 1748 appellatur
1033 1667 1214 1749 catoblepaS,

194 1757 310 1818 modica
340 1757 451 1836 alioqui
480 1759 648 1836 ceterisque
679 1756 827 1836 membris,
850 1759 945 1838 iners,
978 1765 1068 1836 caput
1093 1764 1212 1818 tantum

193 1863 354 1926 praegrave
382 1863 469 1925 aegre
498 1847 606 1906 serens.
651 1846 682 1906 id
710 1846 859 1907 deiectum
887 1863 1004 1926 semper
1032 1849 1063 1906 in
1090 1853 1211 1925 terram,

153 1929 154 1933 ’
194 1936 265 1996 alias
288 1937 447 1995 internicio
471 1934 593 1995 humani
616 1937 748 2016 generiS,
778 1933 915 1995 omnibus
939 1937 990 2013 qui
1014 1934 1116 1995 oculos
1144 1937 1210 1994 eius
1223 1947 1248 1986 2⁰

194 2024 293 2084 videre
318 2025 475 2084 confestim
499 2024 726 2103 exspirantibus

137 2123 174 2172 78
261 2105 335 2196 (33)
378 2113 490 2174 Eadem
513 2121 543 2173 et
565 2111 695 2173 basilisci
718 2114 866 2192 serpentis
891 2120 937 2173 est
958 2115 1011 2172 vis.
1049 2111 1208 2192 Cyrenaica

193 2202 273 2263 hunc
296 2209 419 2282 generat
441 2203 605 2282 provincia,
636 2201 793 2262 duodecim
816 2219 876 2262 non
899 2201 1024 2281 amplius
1048 2200 1208 2279 digitorum

193 2291 409 2373 magnitudine,
440 2290 563 2351 candida
588 2291 738 2368 incapite
763 2290 876 2350 macule
902 2297 938 2350 ut
959 2289 1088 2369 quodam
1110 2289 1205 2361 diade·

193 2387 270 2440 mate
298 2381 453 2458 insignem.
500 2378 585 2439 sibilo
613 2396 716 2438 omnes
742 2379 825 2457 lugat
852 2386 1021 2459 serpentes,
1051 2397 1106 2438 nec
1128 2378 1203 2438 lleru
1219 2391 1244 2430 25

193 2467 349 2546 multiplici
372 2476 405 2530 ut
424 2467 557 2546 reliquae
576 2485 686 2546 corpus
704 2467 828 2548 inpellit,
851 2467 903 2528 sed
923 2466 1021 2527 celsus
1040 2473 1070 2526 et
1089 2473 1203 2528 erectus

193 2557 224 2616 in
251 2557 349 2616 medio
377 2556 528 2616 incedens.
574 2563 661 2616 necat
684 2556 821 2636 trutinae,
851 2573 911 2615 non
939 2563 1092 2616 contactos
1120 2555 1200 2615 modo

193 2637 297 2704 verum
325 2652 355 2705 et
378 2644 513 2726 adflatos,
544 2647 642 2705 exurit
665 2644 786 2724 herbas,
817 2647 930 2723 rumpit
952 2661 1029 2704 saxa.
1075 2643 1138 2704 talis
1159 2645 1200 2703 vis

194 2733 278 2792 malo.
325 2741 371 2794 est
398 2733 545 2808 creditum
569 2733 718 2812 quondam
746 2752 782 2793 ex
806 2751 882 2812 equo
911 2735 1043 2792 occisum
1066 2731 1147 2792 basta
1172 2740 1199 2792 et

192 2839 247 2900 per
271 2839 336 2881 earn
359 2821 506 2883 subeunte
530 2823 558 2882 vi
581 2840 640 2882 non
665 2824 796 2900 equitem
819 2821 906 2882 modo
931 2821 983 2882 sed
1001 2839 1112 2900 equum
1133 2839 1197 2900 quo·
1212 2835 1239 2874 ³0

135 2921 173 2968 79
193 2929 250 2989 que
275 2909 471 2990 absumptum.
515 2918 604 2990 atque
627 2909 697 2972 huie
720 2911 771 2970 tali
793 2917 927 2972 monstro
951 2944 993 2954 -
1018 2928 1104 2989 saepe
1127 2913 1198 2970 enim

193 3007 332 3060 enectum
360 3001 558 3079 concupivere
584 3017 671 3078 reges
698 2999 798 3060 ridere
827 3033 869 3042 -
899 2999 1103 3060 mustellarum
1124 3002 1197 3060 virus

1211 3089 1222 3110 s

264 3231 420 3293 dmagnae
437 3221 535 3277 Flald.
564 3223 606 3276 ·ni
623 3239 646 3276 r.
719 3223 857 3278 ‘llnsidia
873 3229 906 3277 a.
934 3223 964 3277 in
981 3223 1073 3293 psidie
1091 3228 1136 3277 dr.

189 3299 209 3348 8
229 3295 294 3348 axin
311 3293 388 3348 Flet
414 3295 476 3348 asin
493 3311 516 3348 r.
536 3296 541 3363 Ι
559 3293 687 3348 hinnulei
705 3311 730 3348 o.
753 3295 884 3367 flsinullei
901 3295 943 3348 1¹.
966 3294 1038 3348 inuli
1055 3294 1092 3348 αἱ.
1114 3293 1158 3348 -lei
1173 3311 1194 3348 r.

265 3371 299 3419 10
317 3381 402 3420 uncos
414 3367 500 3434 posui
518 3382 573 3434 eqo.
656 3371 690 3420 16
707 3367 741 3419 ut
757 3370 781 3419 d.
805 3383 855 3420 om.
874 3383 899 3420 r.
979 3371 1013 3419 22
1038 3367 1067 3419 et
1088 3364 1193 3420 bellot.
1245 3372 1249 3380 ’

189 3438 222 3490 eb
239 3437 274 3491 de
292 3455 315 3490 r.
339 3438 343 3506 Ι
367 3437 492 3490 basilisci
509 3434 658 3490 r²u¹R0o
687 3435 761 3490 licie
778 3437 820 3490 1¹.
848 3436 937 3490 -bscis
955 3453 978 3490 r.
1003 3439 1008 3506 l
1033 3435 1193 3506 serpentibus
1224 3448 1230 3455 ·

189 3508 257 3561 Rid.
314 3514 348 3563 26
366 3508 491 3575 reliquae
510 3506 614 3561 αἯοὺ.
638 3524 706 3575 -que
719 3525 743 3561 r.
797 3512 831 3561 28
844 3507 911 3562 talis
925 3507 967 3562 12.
991 3507 1044 3562 elis
1057 3511 1082 3560 d.
1105 3507 1160 3560 aliis
1171 3525 1192 3563 r.

264 3585 297 3634 29
317 3579 401 3633 malo.
421 3580 464 3632 est
481 3578 544 3634 diat.
563 3583 586 3630 B
600 3577 669 3634 Rob.
741 3583 774 3633 31
797 3581 884 3648 atque·
899 3577 1002 3634 unco.
1026 3595 1076 3633 ota.
1095 3595 1115 3633 r.
