2636 3952
347 159 431 216 Nau.
450 159 543 216 tuso.
562 161 600 216 ix
618 165 722 217 ci-et
742 161 870 230 (ea-ar)
1052 161 1113 226 151

101 310 245 390 quicquid
269 327 305 368 ex
328 327 364 369 ec
387 310 525 390 mittitur,
555 318 693 390 suspecta
720 311 802 371 fraus
829 309 955 390 praedae
979 319 1038 390 est,
1068 329 1113 371 ca·

101 404 219 479 vctque,
243 397 322 477 quod
346 399 453 458 timuit.
499 415 567 459 cum
590 398 620 458 id
643 417 731 478 saepe
755 399 865 460 iactum
888 407 943 480 est,
966 415 1045 460 unus
1063 399 1114 460 ali-

101 486 221 567 quando
244 484 460 548 consuetudine
483 487 624 549 invitatus
643 487 758 548 anthias
781 505 879 549 escam
898 489 1018 568 adpetit.
1055 507 1106 548 no·
1119 496 1167 548 181

100 584 184 637 tatur
206 575 255 635 hic
277 577 442 636 intentione
466 574 600 655 diligenti
622 583 656 637 ut
674 584 778 638 auctor
801 579 865 656 spei
883 576 1115 657 conciliatorque

74 673 252 745 scapturae.
298 681 395 744 neque
418 671 464 725 est
487 663 620 746 difficile,
645 683 714 726 cum
735 683 791 744 per
814 665 926 744 aliquot
948 665 1012 728 dies
1035 666 1116 726 solus

101 753 244 815 accedere
268 751 382 814 audeat.
427 752 548 814 tandem
571 761 603 814 et
624 753 739 834 aliquos
761 755 886 835 invenit,
915 755 1115 834 paulatimque

101 843 270 904 comitatior
291 849 443 921 pstremo
466 860 573 921 greges
596 841 716 904 adducit
738 844 925 924 innumeros,
955 845 1012 904 iam
1034 851 1116 904 vetu-

101 932 241 992 stissimis
255 930 424 1010 quibusque
439 930 570 992 adsuetis
583 934 763 1011 piscatorem
776 948 937 1010 agnoscere
952 940 981 994 et
996 950 1012 992 e
1027 949 1116 993 manu

103 1019 205 1082 cibum
227 1035 342 1100 rapere.
388 1027 453 1080 tum
475 1019 525 1080 ille
551 1020 673 1100 paulum
696 1019 774 1082 ultra
797 1021 906 1100 digitos
932 1023 964 1081 in
987 1039 1055 1080 esca
1076 1022 1116 1080 ia-

63 1128 90 1169 ιο
103 1108 220 1170 culutus
252 1108 373 1170 humum
404 1108 537 1188 singulos
569 1109 679 1170 involat
708 1111 809 1171 verius
840 1127 928 1189 quem
958 1111 1049 1189 capit,
1081 1108 1117 1169 ab

102 1197 210 1260 umbra
232 1199 314 1258 naris
341 1197 424 1258 brevi
447 1205 555 1260 conatu
582 1201 703 1276 rapiens
729 1200 770 1258 ita
798 1217 836 1258 ne
864 1199 958 1259 ceteri
980 1199 1119 1276 sentiant,

103 1288 160 1348 alio
183 1289 265 1347 intus
288 1287 455 1365 excipiente
478 1286 656 1348 centonibus
678 1295 806 1367 raptum,
829 1305 867 1347 ne
887 1286 1041 1367 palpitatio
1059 1284 1118 1346 ulla

103 1384 155 1437 aut
187 1393 279 1436 sonus
311 1382 427 1436 ceteros
459 1374 564 1455 abigat.
619 1375 841 1438 conciliatorem
872 1393 961 1436 nosse
989 1375 1025 1436 ad
1052 1374 1171 1437 hcc1et

102 1464 240 1545 prodest,
263 1481 301 1524 ne
324 1465 466 1545 capiatur,
494 1464 625 1544 fugituro
648 1467 679 1526 in
703 1465 852 1544 reliquum
874 1481 973 1544 grege.
1018 1463 1119 1524 ierunt

63 1573 89 1614 15
104 1552 274 1614 discordem
303 1554 418 1614 socium
447 1551 517 1614 duci
547 1553 719 1615 insidiatum
747 1551 871 1633 pulchre
903 1561 973 1615 noto
1003 1554 1117 1633 cepisse

103 1641 237 1702 malefica
254 1640 424 1721 uoluntate3
454 1644 586 1721 agnitum
613 1643 644 1702 in
667 1642 791 1704 macello
817 1661 834 1703 a
857 1644 938 1703 socio
966 1643 1052 1703 cicius
1075 1643 1118 1702 in-

103 1733 181 1792 iuria
196 1737 260 1790 erat
276 1738 306 1790 et
320 1730 419 1806 danmi
432 1731 589 1792 formulam
604 1730 713 1792 editam
731 1731 1020 1810 condemnatumque
1039 1729 1119 1791 addit

104 1819 289 1879 Mucianus
312 1821 466 1902 aestimata
482 1819 543 1880 lite.
579 1820 669 1881 iidem
687 1820 813 1901 anthiae,
836 1838 904 1880 cum
922 1836 1016 1880 uuum
1032 1813 1119 1878 hamo

105 1910 204 1969 teneri
217 1907 355 1989 viderint,
378 1909 471 1987 spinis
490 1927 564 1988 quas
582 1911 613 1970 in
630 1909 719 1969 dorso
739 1915 867 1969 serratas
878 1907 994 1968 tabent
1012 1906 1118 1968 lineam

65 2017 92 2059 so
105 2014 209 2058 secare
231 1996 391 2059 traduntur
419 2015 454 2057 co
483 1999 535 2076 qui
562 2005 700 2060 teneatur
728 1997 905 2057 extendente
932 2004 967 2056 ut
989 1994 1119 2076 praecidi

103 2087 210 2167 possit.
255 2093 284 2146 at
310 2087 390 2147 inter
418 2103 520 2164 sargos
548 2089 613 2165 ipse
640 2088 692 2164 qui
719 2092 838 2146 tenetur
865 2084 902 2144 ad
925 2084 1063 2163 scopulos
1087 2082 1119 2143 li-

104 2193 193 2236 neam
213 2177 293 2235 ten't.

174 2259 233 2325 co.
258 2257 332 2345 (86)
355 2261 479 2325 Praeter
498 2264 571 2325 hacc
590 2263 686 2324 claros
709 2263 853 2342 sapientia
871 2268 1009 2322 auctores
1026 2259 1111 2319 video
1123 2273 1173 2323 183

103 2354 210 2414 mirari
239 2350 355 2413 stellam
385 2354 416 2412 in
446 2355 529 2414 mari.
576 2371 609 2413 ea
636 2353 731 2431 figura
759 2359 817 2430 est,
846 2367 935 2431 parva
963 2347 1120 2408 admodum

66 2461 91 2502 2⁵
105 2460 177 2504 caro
199 2443 291 2522 intus,
314 2448 397 2502 extra
413 2440 534 2503 duriore
549 2441 631 2502 callo.
666 2441 738 2501 lmic
756 2449 816 2501 tam
835 2441 955 2518 igneum
973 2438 1121 2520 fervorem

105 2549 173 2593 esse
197 2529 319 2591 tradunt
346 2537 380 2591 ut
406 2531 504 2591 omnia
530 2533 562 2591 in
589 2532 664 2591 mari
692 2536 827 2590 contacta
854 2527 971 2608 adurat,
1003 2543 1122 2586 omnem

105 2619 208 2681 cibum
236 2620 336 2680 statim
362 2627 491 2698 peragat.
541 2619 651 2699 quihus
678 2620 717 2678 sit
743 2617 799 2678 hoc
827 2617 980 2694 cognitum
1006 2617 1121 2693 experi-

105 2711 217 2770 mentis
239 2705 317 2768 haud
341 2707 426 2768 iacile
450 2707 588 2789 dixerim,
614 2707 768 2785 multoque
791 2704 1012 2767 memorabilius
1031 2703 1121 2764 done·

106 2799 166 2859 rim
188 2796 219 2857 id
242 2795 525 2877 cuiusexperiendi
546 2796 654 2857 cotidie
677 2797 794 2856 occasio
817 2803 871 2855 est.

70 2902 96 2945 aa
176 2879 235 2947 tl.
260 2877 335 2967 (87)
368 2885 554 2946 Concharum
582 2903 598 2946 e
625 2902 735 2964 genere
763 2892 834 2944 sunt
861 2882 968 2962 dactyli
996 2881 1031 2941 ab
1059 2880 1176 2944 hri-184

108 2991 265 3037 manorum
293 2977 439 3054 unguium
465 2973 658 3036 similitudine
686 2972 832 3052 appellati.
880 2970 928 3032 his
960 2978 1065 3031 natura
1092 2972 1123 3028 in

109 3063 242 3126 tenebris
266 3073 380 3124 remoto
399 3064 510 3124 lumine
530 3063 586 3123 alio
605 3063 719 3142 lidgere
739 3061 828 3142 clarc,
851 3069 881 3122 et
900 3068 1010 3139 quanto
1031 3061 1123 3137 magis

182 3297 196 3344 1
217 3306 252 3343 ex
270 3303 304 3342 ec
322 3294 346 3343 u.
368 3291 372 3357 Ι
392 3287 514 3342 mittitur
530 3287 598 3342 Boe.
628 3287 753 3340 mutetur
770 3286 798 3340 u.
817 3285 876 3340 edd.
891 3289 951 3339 cett.
968 3287 972 3352 Ι
989 3285 1124 3350 cavetque

112 3361 168 3416 eod.
187 3361 254 3415 Dat.
283 3375 379 3429 -esque
397 3361 439 3414 1¹¹.
468 3375 584 3428 -ensque
602 3375 646 3413 rc.
721 3363 796 3411 tan
814 3353 935 3426 capere?
960 3357 965 3423 Ι
989 3354 1064 3408 ultra
1081 3352 1123 3404 1¹².

112 3431 187 3486 ultra
204 3431 241 3486 ad
258 3447 282 3485 r.
338 3437 370 3486 11
391 3433 494 3486 conatu
509 3428 620 3500 rapiens
638 3427 705 3483 Dat.
729 3428 786 3480 -tur
805 3428 858 3496 (tu
874 3427 907 3495 lt)
928 3426 1028 3479 absens
1046 3427 1123 3475 rna.
1195 3467 1204 3478 .

113 3503 170 3556 -tur
187 3503 261 3556 abe‘e'
280 3505 305 3556 d.
406 3504 634 3557 totamm.
739 3502 771 3552 18
790 3497 938 3551 aestimata
956 3496 1006 3550 lite
1023 3500 1055 3548 lt.
1083 3495 1126 3544 -at

115 3572 194 3628 aliter
211 3591 235 3628 r.
300 3579 388 3630 1819
407 3571 534 3627 duxerim
552 3571 619 3626 Dal.
647 3569 705 3623 dix·
725 3569 753 3622 11.
817 3573 852 3621 30
870 3567 906 3620 ab
924 3582 975 3620 ona.
993 3569 1065 3616 rso.

115 3647 147 3698 32
164 3645 272 3716 fulgere
291 3647 350 3702 a’d.
379 3661 458 3716 -gore
476 3645 519 3698 1².
546 3643 643 3713 fugere
662 3659 685 3695 r.
