2628 3950
175 113 217 176 28
523 109 551 165 0.
570 109 670 165 PLINI
689 109 847 164 SECUNDI

175 281 251 323 nuae
282 259 420 322 submisit
448 261 475 319 is
505 261 554 319 cui
584 277 616 318 se
644 260 744 319 oriens
774 257 973 336 occidensque
1004 257 1193 322 submiserat.

176 350 247 411 Cato
278 349 432 410 censorius
461 349 493 407 in
523 346 571 408 illa
601 345 693 406 nobili
720 349 811 407 trium
842 349 1002 426 sapientiae
1031 365 1194 428 procerum

176 438 212 500 ab
231 438 354 498 Athenis
376 437 522 515 legatione
546 433 646 496 audito
666 430 816 496 Carneade
840 437 1059 515 quamprimum
1080 436 1193 516 legatos

177 546 228 588 eos
252 529 368 587 censuit
391 523 596 604 dimittendos,
628 527 768 602 quoniam
795 523 845 584 illo
874 526 937 584 viro
965 533 1192 604 argumentante

124 623 174 673 113
185 615 257 696 quid
279 617 342 674 veri
370 621 449 674 esset
471 613 550 673 haud
573 611 658 673 facile
684 613 815 673 discerni
837 620 947 692 posset.
994 622 1102 692 quanta
1129 631 1221 675 mos

176 723 245 766 rum
268 701 474 764 commutatio!
504 701 553 762 ille
577 719 696 780 semper
719 701 848 780 alioquin
871 704 1027 762 universos
1051 721 1087 763 ex
1110 702 1195 764 ltalia

176 793 330 874 pellendos
366 793 483 851 censuit
518 790 660 871 Graecos,
696 798 726 850 at
761 808 910 870 pronepos
948 793 1012 852 eius
1044 789 1194 852 Uticensis

178 881 249 944 Cato
272 899 365 943 unum
389 898 425 940 ex
445 878 599 940 tribunatu
623 879 749 940 militum
767 877 985 961 philosophum,
1008 880 1135 940 alterum
1156 899 1194 940 ex

178 969 284 1050 Cypria
310 969 457 1048 legatione
485 968 663 1048 deportavit,
696 967 880 1045 eandemque
903 969 1034 1048 lingnam
1060 988 1097 1030 ex
1120 969 1192 1030 dno-

177 1059 234 1120 bus
258 1058 418 1119 Catonibus
441 1059 473 1117 in
495 1057 545 1117 illo
570 1055 716 1138 abegisse,
747 1059 779 1116 in
802 1056 859 1117 hoc
881 1059 1059 1136 importasse
1082 1077 1192 1120 memo·
1210 1075 1237 1115 m

178 1147 270 1208 rabile
295 1154 349 1208 est.

125 1251 177 1300 114
255 1235 313 1296 Sed
338 1243 368 1295 et
389 1243 563 1295 nostrorum
585 1233 709 1312 gloriam
731 1251 969 1312 percenseamus.
1010 1237 1094 1314 prior
1117 1233 1193 1296 Afri·

179 1342 270 1384 canus
294 1323 328 1394 Q.
352 1323 430 1383 Enni
458 1330 585 1384 statuam
610 1321 769 1401 sepulchro
798 1341 852 1382 suo
880 1325 983 1402 inponi
1005 1325 1106 1404 iussit,
1136 1323 1193 1384 cla·
1299 1365 1300 1404 3

178 1430 305 1491 rumque
328 1411 401 1472 illud
425 1429 547 1493 nomen,
579 1413 669 1471 immo
692 1429 763 1470 roro
787 1411 915 1490 spolium
942 1429 978 1471 ex
1001 1413 1089 1473 tertia
1112 1412 1194 1474 orbis
1299 1429 1300 1468 t

178 1509 262 1579 parte
286 1507 419 1579 captum,
448 1501 480 1558 in
504 1502 604 1560 cinere
628 1517 769 1578 supremo
797 1517 866 1559 cnm
887 1507 992 1579 poetae
1016 1499 1102 1561 titulo
1126 1501 1193 1580 legi.
1209 1517 1237 1558 15
1299 1527 1300 1580 3

179 1589 264 1649 divus
287 1588 438 1666 Angustus
461 1591 592 1648 carndna
614 1587 724 1666 Vergili
747 1590 873 1648 cremari
897 1596 1001 1649 contra
1024 1593 1195 1650 testamenti
1299 1607 1300 1612 ¹

179 1679 244 1737 eius
271 1675 481 1736 verecundiam
507 1678 614 1757 vetuit,
646 1679 800 1756 maiusque
831 1679 872 1737 ita
901 1680 960 1738 vati
989 1679 1196 1740 testimoninm

91 1767 312 1843 ··115contigit
341 1782 430 1842 quam
459 1767 485 1824 si
512 1767 577 1844 ipse
607 1781 660 1825 sua
687 1764 881 1844 probavisset.
931 1766 968 1826 M.
991 1765 1132 1826 Varronis
1161 1771 1195 1829 in

178 1851 370 1934 bibliotheca,
402 1870 477 1932 quae
507 1855 612 1933 prima,
632 1855 663 1914 in
693 1852 765 1915 orbe
797 1853 833 1914 ab
862 1854 964 1915 Asinio
994 1853 1127 1916 Pollione
1157 1875 1194 1916 ex

178 1941 326 2003 manubiis
348 1940 497 2022 publicata
515 1942 625 2002 Romae
649 1951 708 2024 est,
731 1945 830 2004 unius.
839 1945 964 2003 viventis
982 1945 1079 2022 posita
1097 1945 1194 2024 imago
1209 1960 1238 2000 co
1299 1937 1300 2014 J

180 2038 238 2112 est,
260 2029 338 2092 haud
362 2032 491 2112 minore,
520 2039 553 2092 ut
576 2031 715 2110 equidem
736 2031 819 2113 reor,
842 2031 948 2113 gloria,
970 2034 1106 2112 principe
1129 2052 1194 2094 ora·
1299 2023 1300 2104 l

179 2127 244 2181 tore
267 2128 298 2180 et
316 2123 379 2181 cive
392 2139 440 2191 ,ex
457 2118 506 2180 illa
524 2122 713 2198 ingeniorum
735 2138 810 2200 quae
829 2128 902 2180 tunc
923 2121 980 2181 suit
1002 2121 1195 2183 multitudine
1299 2131 1300 2200 f

179 2211 231 2271 uni
254 2209 330 2270 hanc
353 2226 494 2270 coronam
517 2208 619 2290 dante,
642 2227 730 2288 quam
755 2227 823 2269 cum
846 2208 942 2270 eidem
964 2207 1087 2292 Magnus
1108 2210 1194 2279 Pom·
1299 2225 1300 2296 p

126 2299 273 2376 llapeius
295 2300 421 2377 piratico
444 2316 486 2364 ex,
503 2296 581 2357 bello
604 2297 736 2358 navalem
759 2297 849 2358 dedit.
894 2297 1121 2359 innumerabilia
1144 2299 1194 2360 de·
1299 2315 1300 2372 ζ

178 2385 248 2447 inde
272 2394 343 2447 sunt
365 2386 498 2466 exempla
516 2386 656 2468 Romana,
680 2389 705 2446 si
724 2389 866 2466 persequi
883 2386 982 2467 libeat,
1005 2388 1194 2468 cumplures
1209 2403 1236 2442 2⁵

178 2492 238 2534 una
261 2493 334 2552 gens
361 2477 392 2535 in
415 2492 604 2553 quocumque
629 2493 737 2554 genere
761 2477 885 2535 eximios
908 2475 1011 2536 tulerit
1033 2494 1122 2555 quam
1145 2495 1193 2538 ce·
1299 2481 1300 2540 ξ

178 2571 260 2624 terae
283 2571 390 2622 terrae.
421 2562 474 2622 sed
497 2582 556 2642 quo
580 2571 619 2644 te,
641 2562 678 2624 Μ.
703 2563 790 2644 Tulli,
812 2563 928 2643 piaculo
951 2571 1074 2646 taceam,
1097 2573 1194 2644 quone
1299 2573 1300 2612 l

179 2653 304 2713 maxime
328 2651 523 2712 excellentem
545 2654 655 2730 insigni
676 2649 870 2732 praedicem?
900 2670 959 2731 quo
981 2655 1081 2732 potius
1105 2673 1194 2734 quam

178 2742 311 2802 universi
329 2739 432 2822 populi
452 2738 545 2817 [illius
563 2739 674 2820 gentis]
695 2740 874 2820 amplissimo
893 2743 1075 2822 testimonio,
1096 2761 1112 2802 e
1131 2751 1195 2806 tota
1299 2743 1300 2762 ¹

127 2831 247 2889 navita
269 2838 321 2891 tua
349 2828 521 2890 consulatus
543 2836 660 2890 tantum
687 2829 829 2908 operibus
857 2826 983 2890 electis?
1023 2837 1052 2891 te
1076 2830 1195 2893 dicento
1209 2847 1237 2886 oo

1299 2615 1300 2651 l

178 2916 275 2997 legem
298 2919 456 2999 agrariam,
485 2917 543 2978 hoc
566 2925 612 2978 est
634 2917 773 2978 alimenta
795 2936 861 2998 sua,
892 2917 1067 2980 abdicarunt
1089 2920 1196 3002 tribus,

466 3015 483 3050 ‘

1299 3239 1300 3284 l

179 3075 393 3085 ΜΗ

251 3159 380 3214 anobili
401 3158 470 3212 ΒΡ.
499 3158 550 3212 -lia
567 3158 636 3212 nri
662 3158 743 3213 -linm
762 3157 884 3214 tanao.
958 3166 992 3215 10
1015 3161 1142 3230 abegisse
1166 3168 1193 3216 τ.

179 3229 257 3298 obig-
275 3233 328 3285 ld.
356 3230 463 3300 ambig-
483 3229 586 3283 aaut
616 3229 707 3284 abiec-
725 3247 742 3284 r
758 3229 828 3285 aaa.
884 3235 917 3284 15
937 3233 1051 3302 capium
1069 3248 1116 3302 epo
1134 3234 1194 3288 ooli.

179 3304 260 3364 §96-
286 3302 399 3371 raptum
417 3301 445 3356 ll.
517 3307 552 3355 29
575 3315 660 3355 ancon
677 3317 724 3370 ego
736 3303 829 3370 poetri.
862 3302 954 3370 gentis
976 3303 1088 3357 erdo.
1118 3304 1154 3358 -ii
1170 3321 1202 3361 r.-

179 3367 323 3424 scisceniis
341 3370 415 3425 Doti.
442 3371 564 3442 vigentia
583 3371 710 3441 Modoiq.
732 3373 793 3428 ado.
812 3373 873 3428 crit.
893 3375 1006 3430 [1525.
1041 3377 1045 3444 l
1079 3374 1194 3444 amplia·
1299 3417 1300 3428 t

180 3439 249 3493 simo
267 3439 359 3493 wi.
388 3440 439 3494 -mi
457 3459 480 3498 r.
515 3444 520 3511 Ι
553 3449 617 3496 el).
645 3445 675 3496 et
692 3460 715 3498 r.
796 3447 830 3498 30
854 3443 1014 3499 consulatus
1032 3450 1063 3500 R.
1092 3461 1152 3499 -nm
1169 3464 1193 3501 r.
1299 3465 1300 3502 ἢ

250 3513 283 3562 31
306 3509 463 3579 lognoriam
484 3519 535 3566 Do.
568 3512 704 3582 legariam
726 3514 768 3568 Ρ.
801 3514 849 3584 leg
869 3515 887 3569 ὃ
908 3515 1066 3570 naercriam
1084 3516 1126 3570 1²².
1154 3515 1195 3572 le·
1299 3529 1300 3538 ¹

178 3594 243 3648 gem
261 3580 377 3649 agnatio
395 3582 545 3651 (agrariam
563 3583 603 3652 go)
622 3583 771 3654 lignariam
790 3590 813 3640 (l.
