2636 3952
335 163 418 217 uer.
437 163 529 218 Hiar.
549 163 574 218 x
593 168 699 220 aa-aa
718 167 845 235 (ao-sa)
982 197 986 204 -
1034 167 1097 234 183

81 312 240 394 accedere,
267 313 420 392 procurrit
447 312 483 371 ad
511 313 602 392 pedes
631 315 695 374 eius
724 314 796 394 leta,
827 331 1019 396 praegravem
1046 325 1097 378 aut

80 397 253 462 delumbem
272 419 337 460 sese
357 399 508 482 simulans,
532 400 690 480 subitoque
713 404 745 463 iu
768 421 917 482 procursu
940 411 992 465 aut
1014 403 1098 466 brevi

81 490 181 568 aliquo
209 489 312 550 volatu
338 489 417 548 cadit
447 497 480 549 ut
511 489 603 550 tracta
631 489 675 550 ala
704 491 917 573 autpedibus,
946 496 1099 572 procurrit

79 581 190 642 iterum
214 579 329 638 iamiam
353 576 573 656 prehensurum
597 579 742 656 ellugiens
770 598 914 659 spemque
941 581 1099 662 frustrans,

54 667 176 728 ⁵donec
206 668 239 725 in
270 666 420 726 diversum
448 665 574 727 abducat
604 685 620 726 a
653 665 745 728 nidis.¹
791 667 894 730 cadem
926 672 957 729 in
989 687 1098 749 pavore

79 754 174 816 libera
197 771 231 813 ac
257 761 391 814 materna
420 771 525 815 vacetis
555 772 626 814 cura
656 757 688 814 in
718 753 801 815 sulco
829 758 969 836 resupina
997 756 1098 835 glaeba

81 863 113 904 se
142 852 240 904 terrae
268 841 395 920 pedibus
422 841 606 922 adprehensa
637 845 742 922 operit.
787 844 944 922 perdicum
972 847 1032 906 vita
1061 844 1098 906 ad

80 930 212 992 sedecim
235 949 328 990 annos
351 931 459 990 durare
484 932 679 990 existimatur.
950 976 954 982 .

146 1013 207 1080 34.
223 1011 297 1100 (52)
316 1017 359 1077 Ab
374 1019 420 1078 bis
440 1018 645 1079 columbarum
659 1021 788 1084 maxime
808 1028 981 1098 spectantur
1000 1021 1089 1082 simili
1100 1020 1151 1070 104

41 1119 67 1159 1⁰
80 1109 197 1169 ratione
225 1123 324 1167 mores
352 1106 455 1186 tidem,
482 1106 535 1166 sed
562 1107 704 1186 pudicitia
731 1106 790 1168 illis
817 1109 913 1187 prima
941 1117 971 1169 et
997 1112 1099 1171 neutri

81 1203 151 1256 riota
174 1195 327 1256 adulteria.
371 1196 491 1273 coniugi
513 1195 602 1254 iidem
630 1212 690 1254 non
717 1195 827 1257 violant
850 1213 1098 1275 communemque

80 1283 350 1346 servantdomum.
396 1283 455 1343 nisi
473 1282 591 1343 caelebs
615 1291 665 1343 aut
688 1283 775 1343 vidua
799 1285 901 1345 nidum
925 1303 985 1345 non
1008 1284 1097 1346 relin-

80 1376 156 1452 quit.
201 1379 233 1432 et
250 1373 428 1450 imperiosos
450 1389 558 1452 mares,
581 1370 708 1432 subinde
731 1374 820 1433 etiam
843 1375 962 1451 iniquos
986 1374 1098 1454 lerunt,

80 1462 191 1542 quippe
224 1461 354 1538 suspicio
386 1467 433 1519 est
465 1459 618 1540 adulterii,
654 1463 788 1539 quamvis
820 1469 927 1522 natura
958 1480 1018 1522 uon
1051 1463 1098 1522 sit.

42 1561 67 1602 1⁵
81 1560 154 1611 tunc
172 1549 294 1628 plenum
313 1547 435 1627 quercla
453 1555 557 1628 guttur
580 1550 719 1627 saevique
743 1556 842 1609 rostro
865 1551 953 1630 ictus,
975 1568 1043 1611 mox
1067 1551 1097 1609 in

81 1638 281 1700 satisfactione
313 1636 492 1697 exosculatio
525 1645 555 1697 et
586 1638 666 1698 circa
695 1640 812 1698 veneris
844 1655 950 1716 preces
983 1637 1098 1699 crebris

80 1726 191 1807 pedum
219 1724 343 1786 orbibus
366 1724 503 1785 adulatio.
549 1743 632 1786 amor
660 1727 781 1804 utrique
810 1725 923 1788 subolis
949 1726 1090 1806 aequalis.
1099 1723 1149 1774 105

82 1833 171 1894 saepe
194 1822 224 1874 et
247 1833 284 1874 ex
307 1814 363 1874 bac
391 1832 481 1874 causa
508 1815 661 1892 castigatio
688 1816 803 1894 pigrius
830 1817 960 1876 intrante
988 1817 1097 1876 femina

84 1903 120 1964 ad
152 1903 257 1982 pullos.
311 1903 491 1982 parturienti
524 1902 627 1963 solatia
663 1909 695 1962 et
730 1905 895 1964 ministeria
934 1922 969 1964 ex
1006 1921 1096 1965 marc.

41 2004 69 2043 2⁰
81 1991 171 2073 pullis
197 1993 294 2072 primo
325 1989 478 2050 salsiorem
508 1997 619 2051 terram
650 1991 803 2052 collectam
833 1999 954 2070 gutture
984 1994 1016 2053 in
1045 2010 1097 2051 ora

81 2084 228 2161 inspuunt
262 2087 474 2159 praeparantes
510 2081 770 2159 tempestivitatem
807 2080 883 2140 cibo.
941 2081 1097 2161 proprium

81 2171 201 2249 generis
229 2171 294 2230 eius
324 2176 354 2228 et
381 2175 548 2248 turturum,
581 2186 649 2228 cum
677 2167 792 2248 bibant,
822 2168 896 2229 colla
924 2187 985 2230 non
1013 2186 1096 2228 resu-

80 2261 184 2338 pinare
207 2257 348 2335 largeque
372 2255 475 2317 bibere
498 2258 702 2316 iumentorum
724 2257 820 2317 modo.

150 2340 209 2407 35.
232 2343 337 2405 Vivere
359 2343 514 2424 palumbes
536 2344 573 2404 ad
587 2345 802 2408 ‚tricensimum
824 2363 948 2426 anuum,
976 2335 1151 2423 aliquaslslfi

40 2446 66 2487 25
81 2444 112 2496 et
141 2433 178 2496 ad
209 2433 503 2514 quadragensimum,
532 2432 677 2496 babemus
707 2442 858 2514 auctores,
891 2451 951 2493 uno
982 2441 1098 2494 tantum

81 2522 270 2586 incommodo
292 2523 438 2600 unguium
457 2553 499 2564 -
519 2521 624 2581 eodem
647 2529 678 2582 et
696 2529 870 2600 argumento
889 2527 1026 2582 senectae
1045 2552 1098 2602 ·-,

82 2613 135 2692 qui
162 2613 237 2671 citra
264 2611 428 2690 perniciem
456 2608 640 2670 reciduntur.
691 2617 796 2670 cantus
825 2609 965 2671 omnibus
994 2609 1098 2670 similis

81 2710 173 2779 atque
196 2700 275 2759 idem
297 2700 377 2758 trino
401 2698 559 2758 coniicitur
587 2717 674 2759 versu
703 2706 881 2777 praeterque
908 2701 938 2758 iu
967 2697 1099 2757 clausula

68 2972 71 2978 .
156 2921 331 2993 iprocurrit
349 2921 385 2975 ad
398 2921 497 2974 Pelo.
530 2921 567 2976 ad
584 2937 663 2992 proc·
677 2937 700 2976 r.
773 2919 945 2976 autfracta
959 2921 1015 2975 cod.
1030 2919 1097 2976 Dal.

82 2995 135 3061 οἶν.
149 2994 237 3049 Arist.
255 2995 281 3047 lt.
297 3011 322 3047 a.
337 2995 384 3045 IX
397 2999 415 3048 8
429 3009 460 3061 p.
472 2997 527 3047 613
535 2993 572 3059 B,
587 2997 623 3046 18
641 2993 681 3046 ὡ(
699 2991 848 3059 ἐπίληπτος
866 2992 942 3046 oben.
969 2991 1006 3044 fr-
1025 2993 1058 3044 ut
1074 2996 1099 3043 B

83 3065 146 3121 stu.
171 3064 210 3120 fr·
229 3066 308 3118 eutr
325 3064 384 3118 edd.
404 3069 467 3118 ante
480 3062 541 3118 Sall.
558 3065 562 3132 Ι
579 3079 618 3118 on
630 3063 677 3117 vel
690 3061 831 3132 pedibus?
849 3062 900 3130 cfr.
915 3062 1002 3117 Solia,
1017 3065 1097 3128 7,31.

84 3135 251 3209 {procurrit
268 3134 303 3187 1²
320 3135 361 3188 ad.
378 3134 448 3189 Bas.
481 3135 531 3188 aut
567 3152 589 3188 r.
608 3151 631 3188 r.
650 3134 709 3188 edd.
728 3139 788 3188 cett.
861 3133 1099 3203 eprehensurum

81 3212 107 3262 d.
140 3205 316 3278 prese-12⁹⁸.
349 3221 442 3274 praes·
460 3221 483 3259 r.
513 3206 518 3273 Ι
610 3206 690 3258 trans
708 3203 772 3258 Pd.
805 3205 874 3257 tras
892 3203 934 3256 1²¹.
967 3203 1036 3258 -trat
1053 3202 1098 3256 13¹.

81 3279 187 3333 -bramr
204 3276 249 3334 13².
277 3279 352 3331 -tans
370 3295 394 3330 e.
468 3283 606 3330 evocans
620 3274 679 3330 Gal.
706 3277 770 3330 -ant
781 3273 858 3328 1²⁸².
889 3275 994 3329 uocant
1006 3290 1030 3328 r.
1059 3275 1098 3327 -te

82 3349 144 3406 cdd.
163 3346 304 3404 celeliel.
391 3345 557 3401 tetadr.
643 3345 715 3400 aab
733 3345 757 3400 is
775 3345 818 3399 1².
850 3344 998 3399 auiam,
1031 3360 1099 3400 anes

81 3425 129 3475 ce
223 3424 256 3474 10
274 3418 373 3486 iidem,
392 3417 442 3471 sed
459 3416 622 3472 Beroaldus.
654 3416 720 3471 inde
739 3415 789 3470 scd
807 3417 847 3484 (et
864 3415 919 3468 w
936 3416 968 3468 io
985 3415 1051 3482 ras.)
1071 3415 1099 3468 ll.

82 3494 175 3547 locum
187 3490 310 3544 nondum
325 3494 454 3542 sanctuar
468 3493 546 3556 puto.
616 3492 650 3541 14
663 3486 782 3556 quisque
796 3486 832 3540 αἳ.
901 3491 936 3540 24
950 3483 1060 3553 aliquas
1073 3489 1098 3537 d.

80 3561 410 3700 scrutato.
432 3557 749 3699 tacitatacita
768 3573 863 3681 ,q
880 3556 919 3680 :²-

153 3765 167 3814 l
