2620 3948
178 62 220 125 88
525 61 552 114 C.
572 61 671 116 PLINI
691 61 849 115 SECUNDI

177 213 314 273 curulem
345 229 433 272 ursos
462 209 634 273 Numidicos
668 218 789 273 centnm
822 219 851 270 et
880 211 1006 271 totidem
1037 218 1201 272 venatores

178 301 336 380 Aethiopas
367 302 399 360 in
432 301 511 359 circo
542 298 668 359 dedisse.
696 301 814 359 'miror
844 299 992 360 adiectum
1021 299 1201 362 Numidicos

175 392 284 471 131333,
307 407 376 450 cum
399 390 431 449 in
453 389 551 448 Africa
574 404 680 448 ursum
703 406 763 448 non
786 389 866 466 gigni
890 396 1015 449 constet.
1039 426 1042 432 -

126 493 177 542 132
246 473 305 540 31.
336 471 411 560 (55)
455 476 631 538 Condantur
653 475 751 538 hieme
775 485 805 536 et
827 476 945 537 Pontici
966 495 1081 560 mures,
1109 479 1198 540 dum-

177 575 258 629 taxat
276 565 343 648 albi,
363 579 492 644 quorum
509 566 640 645 palatum
658 567 689 625 iu
707 573 797 644 gustu
816 567 1038 645 sagacissimum
1057 576 1199 628 auctores
1216 585 1232 627 5

133 723 135 726 .
179 675 308 735 quonam
336 654 423 716 modo
450 654 652 715 intellexerint
680 656 781 714 miror.
834 653 1004 717 conduntur
1032 664 1062 717 et
1088 657 1200 738 Alpini,

153 743 288 826 *quibus
311 743 482 824 magnitudo
506 744 627 804 melium
651 749 708 824 est,
732 742 784 803 sed
803 742 835 803 hi
852 743 960 822 pabulo
984 753 1052 806 ante
1076 747 1107 806 in
1128 763 1198 824 spe-

179 853 234 894 cus
257 841 407 894 convecto.
438 840 501 892 turn
524 831 644 910 quidam
666 840 788 892 narrant
811 832 940 893 alternos
964 852 1077 894 marem
1100 853 1134 894 ac
1149 835 1197 894 ie-

131 949 155 994 ·,
179 926 289 984 minam
313 921 455 983 subrosae
479 920 648 1000 complexos
671 921 782 981 fascem
804 920 913 982 herbae
938 925 1074 1004 supinos,
1102 923 1198 984 cauda

180 1012 332 1073 mordicus
359 1010 557 1090 adprehensa,
586 1011 713 1071 invicem
741 1009 856 1071 detrahi
884 1010 921 1070 ad
949 1029 1085 1092 specum,
1116 1011 1197 1072 ideo·
1217 1031 1247 1069 ι3
1299 1023 1300 1054 l

180 1119 239 1182 que
262 1101 312 1161 illo
331 1109 465 1179 tempore
488 1099 606 1159 detrito
622 1116 687 1158 esse
711 1098 810 1159 dorso.
840 1108 910 1159 311111
933 1099 979 1160 his
1002 1119 1089 1180 pares
1113 1108 1142 1162 et
1165 1103 1199 1160 in

181 1190 326 1270 Aegypto,
350 1187 545 1266 similiterque
568 1187 701 1247 resident
724 1189 754 1247 in
779 1187 881 1248 clunes
906 1197 936 1248 et
958 1190 989 1248 in
1012 1188 1091 1250 binis
1114 1189 1198 1268 pedi·

180 1280 237 1355 bus
261 1278 436 1357 gradiuntur
458 1275 669 1355 prioribusque
693 1284 726 1336 ut
749 1275 886 1349 manibus
909 1285 1042 1339 utuntur.

129 1379 179 1440 133
249 1361 322 1449 (56)
368 1366 549 1444 Praeparant
576 1364 666 1424 hiemi
695 1373 724 1426 et
746 1368 876 1426 irenacei
904 1364 987 1426 cibos
1015 1385 1049 1428 33
1074 1366 1199 1429 volutati

181 1474 272 1536 supra
294 1457 419 1514 iacentia
442 1472 529 1532 poma
552 1453 646 1512 3111113
670 1456 776 1533 spinis,
798 1471 893 1515 unum
916 1455 1059 1540 amplia}
1060 1464 1198 1518 tenentes
1216 1473 1245 1513 15

182 1563 247 1625 313,
279 1551 399 1622 portant
426 1545 457 1601 in
485 1560 570 1601 cavas
598 1540 728 1602 arbores
777 1543 867 1603 iidem
894 1533 1089 1605 mutationem
1116 1547 1197 1625 aqui·

181 1633 289 1693 lonis
281 1650 311 1691 ιιι
336 1639 471 1691 austrum
494 1630 656 1690 condentes
680 1649 712 1691 se
735 1633 766 1691 in
789 1623 887 1693 cubile
909 1635 1109 1713 praesagiunt.
1088 1632 1198 1694 tubi

182 1739 252 1781 vero
281 1738 402 1780 sensere
430 1727 599 1800 venantem,
632 1728 843 1781 contractoet
812 1729 922 1781 etore
950 1721 1135 1802 pedibusque
1165 1741 1198 1782 33

182 1819 267 1890 33113
294 1811 375 1869 omni
398 1808 553 1888 inferiore,
586 1826 643 1886 qua
666 1827 764 1869 raram
792 1817 822 1869 et
844 1812 1003 1870 innocuam
1025 1810 1136 1872 habent
1158 1811 1197 1870 13-
1277 1810 1280 1814 ’

182 1901 337 1980 augmen,
370 1897 586 1957 convolvuntur
616 1899 647 1957 in
674 1899 800 1957 formam
826 1899 916 1980 pilae,
949 1918 986 1959 ne
1017 1901 1088 1980 quid
1119 1917 1196 1962 com·
1213 1917 1243 1955 ao

130 1999 182 2046 134
192 1987 336 2069 prehendi
368 1989 463 2066 possit
494 1994 613 2066 praeter
646 1987 772 2048 aculeos.
824 1990 856 2047 in
889 1988 1096 2067 desperatione
1128 2007 1197 2049 vero

183 2079 300 2138 urinam
331 2079 363 2136 in
396 2095 428 2136 se
461 2075 590 2135 reddunt
621 2075 780 2157 1311113311,
813 2079 925 2154 tergori
958 2095 1026 2146 suo,
1045 2080 1197 2157 spinisque

183 2168 313 2248 noxiam,
334 2173 458 2244 propter
480 2165 538 2225 hoc
561 2182 593 2224 se
617 2167 682 2242 capi
705 2157 797 2243 gnari.
834 2165 1028 2243 quamobrem
1051 2168 1199 2229 exinanita

183 2259 267 2336 prius
290 2257 377 2316 urina
399 2257 501 2313 venari
523 2272 572 2312 ars
595 2262 649 2314 est.
680 2262 709 2313 et
734 2262 797 2313 tum
819 2257 978 2334 praecipua
1002 2253 1055 2316 dos
1078 2257 1198 2335 tergori,

184 2345 255 2405 alias
292 2350 448 2422 corrupto,
484 2341 592 2422 fragili,
628 2341 767 2422 putribus
803 2345 896 2421 spinis
932 2351 1021 2422 atque
1056 2343 1198 2423 deciduis
1211 2357 1239 2398 aa

184 2435 300 2494 etiarnsi
327 2434 404 2492 vivat
431 2430 601 2492 subtractus
630 2431 706 2510 fuga.
753 2430 790 2491 ob
818 2432 848 2491 id
877 2450 937 2491 non
963 2434 1020 2492 nisi
1047 2435 1078 2492 in
1103 2435 1196 2493 novis-

185 2514 258 2582 sima
286 2540 338 2600 333
366 2520 510 2581 maleficio
540 2537 575 2579 33
602 2519 806 2602 perfunditur,
840 2523 949 2600 qnippe
977 2529 1007 2581 et
1028 2523 1087 2599 ipsi
1110 2521 1198 2581 odere

185 2628 273 2671 suum
301 2610 490 2690 venalicium,
519 2611 560 2669 ita
582 2616 740 2688 parcentes
768 2608 824 2669 sibi
848 2611 1068 2688 terminumque
1096 2628 1198 2689 supre-

185 2718 267 2760 mum
286 2700 475 2779 opperientes
498 2706 532 2758 ut
551 2699 645 2758 lerme
664 2705 732 2758 aute
752 2699 904 2776 captivitas
924 2707 1059 2777 occupet.
1088 2698 1198 2759 calidae

185 2797 288 2868 postea
311 2805 404 2866 aquae
428 2787 572 2865 adspersu
596 2787 754 2847 resolvitur
772 2786 840 2866 pila,
863 2787 1126 2866 adprehensusque
1147 2805 1199 2867 pes
1211 2800 1239 2840 ιο

185 2879 260 2939 alter
284 2897 299 2936 e
322 2875 539 2956 posterioribus
567 2875 762 2954 suspendiosa
786 2876 862 2936 lame
890 2885 985 2938 necat.
1033 2875 1119 2937 aliter
1142 2894 1199 2936 non

186 3034 398 3043 W.-.-

150 3175 152 3180 ,
258 3117 1199 3188 53111131.3111)11.11111)11.311111.813133333111311.

128 3189 129 3192 ’
188 3190 404 3264 1331133113.
428 3190 545 3244 -.13ιιιι·
567 3187 1200 3258 1333331111.933331313311-131.

186 3281 276 3319 -.331
341 3261 561 3316 1513133131.
624 3266 666 3314 19.
681 3259 851 3330 dolanugin
852 3261 952 3314 31331.
981 3259 1143 3342 lanuginem
1160 3261 1199 3312 11.

126 3349 129 3354 ·
186 3335 346 3434 ianaginem
363 3331 630 3415 111331111331113111
644 3336 674 3385 R.
698 3331 851 3401 imaginem
868 3331 927 3384 311.
951 3330 1142 3400 lanuginem
1134 3347 1200 3414 una·

187 3403 341 3486 ginemr².
415 3403 665 3457 1113331131.
695 3407 821 3456 exsed
849 3407 981 3457 exreB
1054 3408 1088 3456 23
1110 3402 1199 3456 exina-

186 3473 420 3527 31131113133
440 3473 1109 3528 31311313313113133111-111331311

187 3551 219 3596 31
240 3546 356 3596 necatur
373 3549 427 3597 11.
