<?xml version="1.0" encoding="UTF-8"?>
<!DOCTYPE html PUBLIC "-//W3C//DTD XHTML 1.0 Transitional//EN"
    "http://www.w3.org/TR/xhtml1/DTD/xhtml1-transitional.dtd">
<html xmlns="http://www.w3.org/1999/xhtml" xml:lang="en" lang="en">
 <head>
  <title>
</title>
<meta http-equiv="Content-Type" content="text/html;charset=utf-8" />
  <meta name='ocr-system' content='tesseract 3.04.00' />
  <meta name='ocr-capabilities' content='ocr_page ocr_carea ocr_par ocr_line ocrx_word'/>
</head>
<body>
  <div class='ocr_page' id='page_1' title='image "./cplinisecundina02mayhgoog_0052.png"; bbox 0 0 2608 3958; ppageno 0'>
   <div class='ocr_carea' id='block_1_1' title="bbox 410 150 1098 250">
    <p class='ocr_par' dir='ltr' id='par_1_1' title="bbox 410 150 1098 250">
     <span class='ocr_line' id='line_1_1' title="bbox 410 150 1098 250; baseline 0.003 -34"><span class='ocrx_word' id='word_1_1' title='bbox 410 161 494 216; x_wconf 77' lang='lat' dir='ltr'><strong>avar.</strong></span> <span class='ocrx_word' id='word_1_2' title='bbox 513 161 678 250; x_wconf 76' lang='lat' dir='ltr'><strong>nisu-vn</strong></span> <span class='ocrx_word' id='word_1_3' title='bbox 697 170 713 219; x_wconf 78' lang='lat' dir='ltr'><strong>a</strong></span> <span class='ocrx_word' id='word_1_4' title='bbox 734 165 770 235; x_wconf 81' lang='lat' dir='ltr'><strong>(a)</strong></span> <span class='ocrx_word' id='word_1_5' title='bbox 933 150 935 156; x_wconf 84' lang='lat'>&#39;</span> <span class='ocrx_word' id='word_1_6' title='bbox 1079 163 1098 226; x_wconf 80' lang='lat' dir='ltr'><strong>v</strong></span> 
     </span>
    </p>
   </div>
   <div class='ocr_carea' id='block_1_2' title="bbox 34 311 1215 3244">
    <p class='ocr_par' dir='ltr' id='par_1_2' title="bbox 34 311 1215 3244">
     <span class='ocr_line' id='line_1_2' title="bbox 73 311 1098 392; baseline 0 -18"><span class='ocrx_word' id='word_1_7' title='bbox 73 331 162 374; x_wconf 90' lang='lat' dir='ltr'><strong>senes</strong></span> <span class='ocrx_word' id='word_1_8' title='bbox 191 319 243 373; x_wconf 90' lang='lat' dir='ltr'><strong>aut</strong></span> <span class='ocrx_word' id='word_1_9' title='bbox 271 313 353 390; x_wconf 81' lang='lat' dir='ltr'>aegri</span> <span class='ocrx_word' id='word_1_10' title='bbox 380 327 440 370; x_wconf 94' lang='lat' dir='ltr'><strong>non</strong></span> <span class='ocrx_word' id='word_1_11' title='bbox 468 314 634 390; x_wconf 92' lang='lat' dir='ltr'><strong>capiuntur.</strong></span> <span class='ocrx_word' id='word_1_12' title='bbox 681 311 955 374; x_wconf 71' lang='lat' dir='ltr'><strong>choromandarum</strong></span> <span class='ocrx_word' id='word_1_13' title='bbox 977 321 1098 392; x_wconf 83' lang='lat' dir='ltr'>gentem</span> 
     </span>
     <span class='ocr_line' id='line_1_3' title="bbox 73 399 1097 484; baseline 0 -22"><span class='ocrx_word' id='word_1_14' title='bbox 73 412 160 464; x_wconf 87' lang='lat' dir='ltr'><strong>vocat</strong></span> <span class='ocrx_word' id='word_1_15' title='bbox 183 401 328 461; x_wconf 83' lang='lat' dir='ltr'>Tauron</span> <span class='ocrx_word' id='word_1_16' title='bbox 356 399 536 481; x_wconf 75' lang='lat' dir='ltr'><strong>silvestrem,</strong></span> <span class='ocrx_word' id='word_1_17' title='bbox 570 403 634 461; x_wconf 90' lang='lat' dir='ltr'><strong>sine</strong></span> <span class='ocrx_word' id='word_1_18' title='bbox 661 420 746 482; x_wconf 91' lang='lat' dir='ltr'><strong>voce,</strong></span> <span class='ocrx_word' id='word_1_19' title='bbox 780 402 917 462; x_wconf 83' lang='lat' dir='ltr'><strong>stridoris</strong></span> <span class='ocrx_word' id='word_1_20' title='bbox 944 402 1097 484; x_wconf 91' lang='lat' dir='ltr'><strong>horrendi,</strong></span> 
     </span>
     <span class='ocr_line' id='line_1_4' title="bbox 74 488 1097 570; baseline 0 -18"><span class='ocrx_word' id='word_1_21' title='bbox 74 492 163 552; x_wconf 88' lang='lat' dir='ltr'><strong>hirtis</strong></span> <span class='ocrx_word' id='word_1_22' title='bbox 192 488 383 570; x_wconf 80' lang='lat' dir='ltr'><strong>corporibus,</strong></span> <span class='ocrx_word' id='word_1_23' title='bbox 416 489 510 550; x_wconf 87' lang='lat' dir='ltr'><strong>oculis</strong></span> <span class='ocrx_word' id='word_1_24' title='bbox 534 489 659 570; x_wconf 87' lang='lat' dir='ltr'><strong>glaucis,</strong></span> <span class='ocrx_word' id='word_1_25' title='bbox 692 489 831 551; x_wconf 89' lang='lat' dir='ltr'><strong>dentibus</strong></span> <span class='ocrx_word' id='word_1_26' title='bbox 860 493 981 552; x_wconf 85' lang='lat' dir='ltr'><strong>caninis.</strong></span> <span class='ocrx_word' id='word_1_27' title='bbox 1027 489 1097 552; x_wconf 90' lang='lat' dir='ltr'><strong>Eu-</strong></span> 
     </span>
     <span class='ocr_line' id='line_1_5' title="bbox 75 577 1097 662; baseline 0.001 -22"><span class='ocrx_word' id='word_1_28' title='bbox 75 581 187 641; x_wconf 85' lang='lat' dir='ltr'><strong>doxus</strong></span> <span class='ocrx_word' id='word_1_29' title='bbox 217 581 249 639; x_wconf 94' lang='lat' dir='ltr'><strong>in</strong></span> <span class='ocrx_word' id='word_1_30' title='bbox 278 578 449 640; x_wconf 79' lang='lat' dir='ltr'><strong>meridianis</strong></span> <span class='ocrx_word' id='word_1_31' title='bbox 477 577 577 638; x_wconf 93' lang='lat' dir='ltr'><strong>lndiae</strong></span> <span class='ocrx_word' id='word_1_32' title='bbox 605 580 676 638; x_wconf 88' lang='lat' dir='ltr'><strong>viris</strong></span> <span class='ocrx_word' id='word_1_33' title='bbox 703 579 818 658; x_wconf 84' lang='lat' dir='ltr'><strong>plantas</strong></span> <span class='ocrx_word' id='word_1_34' title='bbox 847 598 912 640; x_wconf 91' lang='lat' dir='ltr'><strong>esse</strong></span> <span class='ocrx_word' id='word_1_35' title='bbox 944 579 1097 662; x_wconf 80' lang='lat' dir='ltr'><strong>cubitales,</strong></span> 
     </span>
     <span class='ocr_line' id='line_1_6' title="bbox 48 666 1150 748; baseline 0 -22"><span class='ocrx_word' id='word_1_36' title='bbox 48 670 194 730; x_wconf 77' lang='lat' dir='ltr'><strong>aluminis</strong></span> <span class='ocrx_word' id='word_1_37' title='bbox 218 668 292 728; x_wconf 90' lang='lat' dir='ltr'><strong>adeo</strong></span> <span class='ocrx_word' id='word_1_38' title='bbox 315 685 420 746; x_wconf 88' lang='lat' dir='ltr'><strong>parvas</strong></span> <span class='ocrx_word' id='word_1_39' title='bbox 443 674 477 727; x_wconf 88' lang='lat' dir='ltr'><strong>ut</strong></span> <span class='ocrx_word' id='word_1_40' title='bbox 501 666 719 746; x_wconf 81' lang='lat' dir='ltr'><strong>Struthopodes</strong></span> <span class='ocrx_word' id='word_1_41' title='bbox 742 667 936 747; x_wconf 87' lang='lat' dir='ltr'><strong>appellentur.</strong></span> <span class='ocrx_word' id='word_1_42' title='bbox 980 668 1096 748; x_wconf 86' lang='lat' dir='ltr'><strong>Mega·</strong></span> <span class='ocrx_word' id='word_1_43' title='bbox 1116 677 1150 726; x_wconf 75' lang='lat'><strong>25</strong></span> 
     </span>
     <span class='ocr_line' id='line_1_7' title="bbox 76 755 1095 835; baseline 0.002 -19"><span class='ocrx_word' id='word_1_44' title='bbox 76 757 224 818; x_wconf 88' lang='lat' dir='ltr'><strong>sthenes</strong></span> <span class='ocrx_word' id='word_1_45' title='bbox 252 763 374 835; x_wconf 89' lang='lat' dir='ltr'><strong>gentem</strong></span> <span class='ocrx_word' id='word_1_46' title='bbox 400 757 479 815; x_wconf 86' lang='lat' dir='ltr'><strong>inter</strong></span> <span class='ocrx_word' id='word_1_47' title='bbox 502 755 648 817; x_wconf 90' lang='lat' dir='ltr'><strong>Nomadas</strong></span> <span class='ocrx_word' id='word_1_48' title='bbox 671 756 760 817; x_wconf 91' lang='lat' dir='ltr'><strong>lndos</strong></span> <span class='ocrx_word' id='word_1_49' title='bbox 788 761 906 818; x_wconf 88' lang='lat' dir='ltr'><strong>narium</strong></span> <span class='ocrx_word' id='word_1_50' title='bbox 928 758 994 818; x_wconf 93' lang='lat' dir='ltr'><strong>loco</strong></span> <span class='ocrx_word' id='word_1_51' title='bbox 1018 758 1095 818; x_wconf 87' lang='lat' dir='ltr'><strong>lora-</strong></span> 
     </span>
     <span class='ocr_line' id='line_1_8' title="bbox 75 843 1095 927; baseline 0 -21"><span class='ocrx_word' id='word_1_52' title='bbox 75 849 153 906; x_wconf 87' lang='lat' dir='ltr'><strong>mina</strong></span> <span class='ocrx_word' id='word_1_53' title='bbox 177 853 295 906; x_wconf 89' lang='lat' dir='ltr'><strong>tantum</strong></span> <span class='ocrx_word' id='word_1_54' title='bbox 318 843 491 925; x_wconf 82' lang='lat' dir='ltr'><strong>habentem,</strong></span> <span class='ocrx_word' id='word_1_55' title='bbox 519 847 660 924; x_wconf 83' lang='lat' dir='ltr'><strong>anguium</strong></span> <span class='ocrx_word' id='word_1_56' title='bbox 683 845 771 906; x_wconf 93' lang='lat' dir='ltr'><strong>modo</strong></span> <span class='ocrx_word' id='word_1_57' title='bbox 795 845 972 927; x_wconf 90' lang='lat' dir='ltr'><strong>loripedem,</strong></span> <span class='ocrx_word' id='word_1_58' title='bbox 995 849 1095 907; x_wconf 90' lang='lat' dir='ltr'><strong>vocari</strong></span> 
     </span>
     <span class='ocr_line' id='line_1_9' title="bbox 75 933 1096 996; baseline 0.001 -2"><span class='ocrx_word' id='word_1_59' title='bbox 75 935 208 995; x_wconf 88' lang='lat' dir='ltr'><strong>Sciritas.</strong></span> <span class='ocrx_word' id='word_1_60' title='bbox 238 935 274 994; x_wconf 89' lang='lat' dir='ltr'><strong>ad</strong></span> <span class='ocrx_word' id='word_1_61' title='bbox 298 941 447 994; x_wconf 88' lang='lat' dir='ltr'><strong>extremos</strong></span> <span class='ocrx_word' id='word_1_62' title='bbox 471 933 545 994; x_wconf 89' lang='lat' dir='ltr'><strong>ssnes</strong></span> <span class='ocrx_word' id='word_1_63' title='bbox 559 933 659 994; x_wconf 90' lang='lat' dir='ltr'><strong>lndiae</strong></span> <span class='ocrx_word' id='word_1_64' title='bbox 683 934 719 995; x_wconf 90' lang='lat' dir='ltr'><strong>ab</strong></span> <span class='ocrx_word' id='word_1_65' title='bbox 743 937 858 995; x_wconf 89' lang='lat' dir='ltr'><strong>oriente</strong></span> <span class='ocrx_word' id='word_1_66' title='bbox 883 938 961 996; x_wconf 92' lang='lat' dir='ltr'><strong>circa</strong></span> <span class='ocrx_word' id='word_1_67' title='bbox 981 936 1096 996; x_wconf 88' lang='lat' dir='ltr'><strong>lentem</strong></span> 
     </span>
     <span class='ocr_line' id='line_1_10' title="bbox 74 1022 1096 1103; baseline 0.002 -20"><span class='ocrx_word' id='word_1_68' title='bbox 74 1023 183 1102; x_wconf 86' lang='lat' dir='ltr'><strong>Gangis</strong></span> <span class='ocrx_word' id='word_1_69' title='bbox 207 1022 400 1083; x_wconf 82' lang='lat' dir='ltr'><strong>Astomorum</strong></span> <span class='ocrx_word' id='word_1_70' title='bbox 423 1030 543 1100; x_wconf 84' lang='lat' dir='ltr'><strong>gentem</strong></span> <span class='ocrx_word' id='word_1_71' title='bbox 566 1023 630 1083; x_wconf 91' lang='lat' dir='ltr'><strong>sine</strong></span> <span class='ocrx_word' id='word_1_72' title='bbox 653 1041 719 1103; x_wconf 89' lang='lat' dir='ltr'><strong>ore,</strong></span> <span class='ocrx_word' id='word_1_73' title='bbox 750 1041 875 1103; x_wconf 90' lang='lat' dir='ltr'><strong>corpore</strong></span> <span class='ocrx_word' id='word_1_74' title='bbox 899 1031 963 1084; x_wconf 92' lang='lat' dir='ltr'><strong>toto</strong></span> <span class='ocrx_word' id='word_1_75' title='bbox 986 1025 1096 1085; x_wconf 89' lang='lat' dir='ltr'><strong>hirtam</strong></span> 
     </span>
     <span class='ocr_line' id='line_1_11' title="bbox 34 1111 1096 1192; baseline 0.005 -25"><span class='ocrx_word' id='word_1_76' title='bbox 34 1131 59 1168; x_wconf 76' lang='lat' dir='ltr'><strong>io</strong></span> <span class='ocrx_word' id='word_1_77' title='bbox 72 1115 179 1172; x_wconf 84' lang='lat' dir='ltr'><strong>vestiri</strong></span> <span class='ocrx_word' id='word_1_78' title='bbox 196 1112 349 1172; x_wconf 81' lang='lat' dir='ltr'><strong>frondium</strong></span> <span class='ocrx_word' id='word_1_79' title='bbox 367 1111 514 1192; x_wconf 84' lang='lat' dir='ltr'><strong>lanugine,</strong></span> <span class='ocrx_word' id='word_1_80' title='bbox 538 1111 630 1172; x_wconf 92' lang='lat' dir='ltr'><strong>halitu</strong></span> <span class='ocrx_word' id='word_1_81' title='bbox 649 1119 767 1172; x_wconf 91' lang='lat' dir='ltr'><strong>tantum</strong></span> <span class='ocrx_word' id='word_1_82' title='bbox 784 1115 932 1173; x_wconf 89' lang='lat' dir='ltr'><strong>viventem</strong></span> <span class='ocrx_word' id='word_1_83' title='bbox 954 1119 984 1172; x_wconf 87' lang='lat' dir='ltr'><strong>et</strong></span> <span class='ocrx_word' id='word_1_84' title='bbox 1003 1112 1096 1173; x_wconf 90' lang='lat' dir='ltr'><strong>odore</strong></span> 
     </span>
     <span class='ocr_line' id='line_1_12' title="bbox 72 1199 1095 1281; baseline 0 -20"><span class='ocrx_word' id='word_1_85' title='bbox 72 1219 164 1280; x_wconf 89' lang='lat' dir='ltr'><strong>quem</strong></span> <span class='ocrx_word' id='word_1_86' title='bbox 186 1200 312 1260; x_wconf 89' lang='lat' dir='ltr'><strong>naribus</strong></span> <span class='ocrx_word' id='word_1_87' title='bbox 335 1200 461 1261; x_wconf 89' lang='lat' dir='ltr'><strong>trahant.</strong></span> <span class='ocrx_word' id='word_1_88' title='bbox 503 1199 618 1260; x_wconf 88' lang='lat' dir='ltr'><strong>nullum</strong></span> <span class='ocrx_word' id='word_1_89' title='bbox 640 1201 698 1260; x_wconf 89' lang='lat' dir='ltr'><strong>illis</strong></span> <span class='ocrx_word' id='word_1_90' title='bbox 722 1200 822 1261; x_wconf 90' lang='lat' dir='ltr'><strong>cibum</strong></span> <span class='ocrx_word' id='word_1_91' title='bbox 845 1201 1020 1280; x_wconf 89' lang='lat' dir='ltr'><strong>nullumque</strong></span> <span class='ocrx_word' id='word_1_92' title='bbox 1044 1220 1095 1281; x_wconf 90' lang='lat' dir='ltr'><strong>po-</strong></span> 
     </span>
     <span class='ocr_line' id='line_1_13' title="bbox 72 1289 1098 1372; baseline 0 -22"><span class='ocrx_word' id='word_1_93' title='bbox 72 1300 149 1372; x_wconf 89' lang='lat' dir='ltr'><strong>tum,</strong></span> <span class='ocrx_word' id='word_1_94' title='bbox 173 1289 311 1350; x_wconf 84' lang='lat' dir='ltr'><strong>radicum</strong></span> <span class='ocrx_word' id='word_1_95' title='bbox 324 1297 440 1350; x_wconf 87' lang='lat' dir='ltr'><strong>tantum</strong></span> <span class='ocrx_word' id='word_1_96' title='bbox 454 1289 621 1369; x_wconf 88' lang='lat' dir='ltr'><strong>llorumqne</strong></span> <span class='ocrx_word' id='word_1_97' title='bbox 636 1292 732 1349; x_wconf 88' lang='lat' dir='ltr'><strong>varios</strong></span> <span class='ocrx_word' id='word_1_98' title='bbox 747 1289 855 1349; x_wconf 90' lang='lat' dir='ltr'><strong>odores</strong></span> <span class='ocrx_word' id='word_1_99' title='bbox 870 1297 900 1350; x_wconf 90' lang='lat' dir='ltr'><strong>et</strong></span> <span class='ocrx_word' id='word_1_100' title='bbox 915 1289 1098 1351; x_wconf 87' lang='lat' dir='ltr'><strong>silvestrium</strong></span> 
     </span>
     <span class='ocr_line' id='line_1_14' title="bbox 73 1377 1096 1460; baseline 0 -22"><span class='ocrx_word' id='word_1_101' title='bbox 73 1379 234 1459; x_wconf 91' lang='lat' dir='ltr'><strong>malorum,</strong></span> <span class='ocrx_word' id='word_1_102' title='bbox 263 1395 338 1456; x_wconf 90' lang='lat' dir='ltr'><strong>quae</strong></span> <span class='ocrx_word' id='word_1_103' title='bbox 367 1395 469 1438; x_wconf 92' lang='lat' dir='ltr'><strong>secum</strong></span> <span class='ocrx_word' id='word_1_104' title='bbox 496 1385 617 1457; x_wconf 88' lang='lat' dir='ltr'><strong>portant</strong></span> <span class='ocrx_word' id='word_1_105' title='bbox 644 1377 777 1458; x_wconf 90' lang='lat' dir='ltr'><strong>longiore</strong></span> <span class='ocrx_word' id='word_1_106' title='bbox 805 1381 928 1460; x_wconf 91' lang='lat' dir='ltr'><strong>itinere,</strong></span> <span class='ocrx_word' id='word_1_107' title='bbox 956 1397 994 1439; x_wconf 95' lang='lat' dir='ltr'><strong>ne</strong></span> <span class='ocrx_word' id='word_1_108' title='bbox 1018 1379 1096 1440; x_wconf 91' lang='lat' dir='ltr'><strong>desit</strong></span> 
     </span>
     <span class='ocr_line' id='line_1_15' title="bbox 73 1466 1094 1546; baseline 0.001 -19"><span class='ocrx_word' id='word_1_109' title='bbox 73 1468 211 1529; x_wconf 82' lang='lat' dir='ltr'><strong>ollactus,</strong></span> <span class='ocrx_word' id='word_1_110' title='bbox 252 1469 387 1546; x_wconf 88' lang='lat' dir='ltr'><strong>graviore</strong></span> <span class='ocrx_word' id='word_1_111' title='bbox 410 1467 498 1546; x_wconf 92' lang='lat' dir='ltr'><strong>paulo</strong></span> <span class='ocrx_word' id='word_1_112' title='bbox 522 1467 613 1527; x_wconf 89' lang='lat' dir='ltr'><strong>odore</strong></span> <span class='ocrx_word' id='word_1_113' title='bbox 637 1466 715 1527; x_wconf 87' lang='lat' dir='ltr'><strong>haud</strong></span> <span class='ocrx_word' id='word_1_114' title='bbox 739 1467 899 1528; x_wconf 90' lang='lat' dir='ltr'><strong>diliiculter</strong></span> <span class='ocrx_word' id='word_1_115' title='bbox 923 1470 1094 1529; x_wconf 90' lang='lat' dir='ltr'><strong>exanimari.</strong></span> 
     </span>
     <span class='ocr_line' id='line_1_16' title="bbox 34 1556 1147 1636; baseline 0.003 -25"><span class='ocrx_word' id='word_1_116' title='bbox 34 1573 166 1636; x_wconf 77' lang='lat' dir='ltr'><strong>insuper</strong></span> <span class='ocrx_word' id='word_1_117' title='bbox 184 1557 240 1616; x_wconf 92' lang='lat' dir='ltr'><strong>bos</strong></span> <span class='ocrx_word' id='word_1_118' title='bbox 260 1562 392 1616; x_wconf 87' lang='lat' dir='ltr'><strong>extrema</strong></span> <span class='ocrx_word' id='word_1_119' title='bbox 412 1559 444 1616; x_wconf 92' lang='lat' dir='ltr'><strong>in</strong></span> <span class='ocrx_word' id='word_1_120' title='bbox 462 1564 547 1635; x_wconf 90' lang='lat' dir='ltr'><strong>parte</strong></span> <span class='ocrx_word' id='word_1_121' title='bbox 566 1559 713 1616; x_wconf 90' lang='lat' dir='ltr'><strong>montium</strong></span> <span class='ocrx_word' id='word_1_122' title='bbox 731 1556 923 1636; x_wconf 83' lang='lat' dir='ltr'><strong>Trispithami</strong></span> <span class='ocrx_word' id='word_1_123' title='bbox 941 1557 1093 1636; x_wconf 83' lang='lat' dir='ltr'><strong>Pygmaei·</strong></span> <span class='ocrx_word' id='word_1_124' title='bbox 1113 1567 1147 1614; x_wconf 76' lang='grc'><strong>26</strong></span> 
     </span>
     <span class='ocr_line' id='line_1_17' title="bbox 72 1645 1095 1726; baseline -0.001 -20"><span class='ocrx_word' id='word_1_125' title='bbox 72 1665 130 1724; x_wconf 91' lang='lat' dir='ltr'><strong>que</strong></span> <span class='ocrx_word' id='word_1_126' title='bbox 150 1651 323 1725; x_wconf 88' lang='lat' dir='ltr'><strong>narrantur,</strong></span> <span class='ocrx_word' id='word_1_127' title='bbox 342 1652 443 1706; x_wconf 90' lang='lat' dir='ltr'><strong>ternas</strong></span> <span class='ocrx_word' id='word_1_128' title='bbox 462 1645 623 1724; x_wconf 84' lang='lat' dir='ltr'><strong>spithamas</strong></span> <span class='ocrx_word' id='word_1_129' title='bbox 642 1645 840 1726; x_wconf 91' lang='lat' dir='ltr'><strong>longitudine,</strong></span> <span class='ocrx_word' id='word_1_130' title='bbox 858 1645 915 1706; x_wconf 93' lang='lat' dir='ltr'><strong>hoc</strong></span> <span class='ocrx_word' id='word_1_131' title='bbox 931 1654 976 1706; x_wconf 89' lang='lat' dir='ltr'><strong>est</strong></span> <span class='ocrx_word' id='word_1_132' title='bbox 991 1653 1095 1707; x_wconf 89' lang='lat' dir='ltr'><strong>ternos</strong></span> 
     </span>
     <span class='ocr_line' id='line_1_18' title="bbox 73 1734 1095 1816; baseline 0.001 -22"><span class='ocrx_word' id='word_1_133' title='bbox 73 1735 250 1814; x_wconf 86' lang='lat' dir='ltr'><strong>dodrantes,</strong></span> <span class='ocrx_word' id='word_1_134' title='bbox 281 1752 342 1793; x_wconf 93' lang='lat' dir='ltr'><strong>non</strong></span> <span class='ocrx_word' id='word_1_135' title='bbox 365 1735 557 1816; x_wconf 79' lang='lat' dir='ltr'><strong>excedentes,</strong></span> <span class='ocrx_word' id='word_1_136' title='bbox 588 1734 699 1794; x_wconf 88' lang='lat' dir='ltr'><strong>salubri</strong></span> <span class='ocrx_word' id='word_1_137' title='bbox 723 1734 803 1795; x_wconf 91' lang='lat' dir='ltr'><strong>caclo</strong></span> <span class='ocrx_word' id='word_1_138' title='bbox 828 1752 1005 1814; x_wconf 86' lang='lat' dir='ltr'><strong>semperque</strong></span> <span class='ocrx_word' id='word_1_139' title='bbox 1030 1754 1095 1796; x_wconf 91' lang='lat' dir='ltr'><strong>ver-</strong></span> 
     </span>
     <span class='ocr_line' id='line_1_19' title="bbox 72 1821 1096 1904; baseline 0.003 -22"><span class='ocrx_word' id='word_1_140' title='bbox 72 1831 161 1884; x_wconf 87' lang='lat' dir='ltr'><strong>nante</strong></span> <span class='ocrx_word' id='word_1_141' title='bbox 185 1821 339 1882; x_wconf 88' lang='lat' dir='ltr'><strong>montibus</strong></span> <span class='ocrx_word' id='word_1_142' title='bbox 363 1822 398 1882; x_wconf 91' lang='lat' dir='ltr'><strong>ab</strong></span> <span class='ocrx_word' id='word_1_143' title='bbox 422 1823 559 1902; x_wconf 93' lang='lat' dir='ltr'><strong>aquilone</strong></span> <span class='ocrx_word' id='word_1_144' title='bbox 583 1825 740 1904; x_wconf 90' lang='lat' dir='ltr'><strong>oppositis,</strong></span> <span class='ocrx_word' id='word_1_145' title='bbox 764 1841 839 1902; x_wconf 91' lang='lat' dir='ltr'><strong>quos</strong></span> <span class='ocrx_word' id='word_1_146' title='bbox 863 1842 879 1884; x_wconf 88' lang='lat' dir='ltr'><strong>a</strong></span> <span class='ocrx_word' id='word_1_147' title='bbox 902 1824 1027 1903; x_wconf 88' lang='lat' dir='ltr'><strong>gruibus</strong></span> <span class='ocrx_word' id='word_1_148' title='bbox 1051 1826 1096 1885; x_wconf 94' lang='lat' dir='ltr'><strong>in-</strong></span> 
     </span>
     <span class='ocr_line' id='line_1_20' title="bbox 74 1910 1095 1992; baseline 0 -20"><span class='ocrx_word' id='word_1_149' title='bbox 74 1913 176 1972; x_wconf 81' lang='lat' dir='ltr'><strong>festari</strong></span> <span class='ocrx_word' id='word_1_150' title='bbox 205 1910 380 1972; x_wconf 90' lang='lat' dir='ltr'><strong>Homerus</strong></span> <span class='ocrx_word' id='word_1_151' title='bbox 411 1931 531 1992; x_wconf 89' lang='lat' dir='ltr'><strong>quoque</strong></span> <span class='ocrx_word' id='word_1_152' title='bbox 559 1912 698 1992; x_wconf 89' lang='lat' dir='ltr'><strong>prodidit.</strong></span> <span class='ocrx_word' id='word_1_153' title='bbox 744 1913 820 1972; x_wconf 84' lang='lat' dir='ltr'><strong>lama</strong></span> <span class='ocrx_word' id='word_1_154' title='bbox 852 1920 899 1972; x_wconf 87' lang='lat' dir='ltr'><strong>est</strong></span> <span class='ocrx_word' id='word_1_155' title='bbox 931 1914 1095 1974; x_wconf 88' lang='lat' dir='ltr'><strong>insidentes</strong></span> 
     </span>
     <span class='ocr_line' id='line_1_21' title="bbox 37 2001 1094 2081; baseline 0.002 -21"><span class='ocrx_word' id='word_1_156' title='bbox 37 2015 63 2053; x_wconf 81' lang='lat'><strong>2⁰</strong></span> <span class='ocrx_word' id='word_1_157' title='bbox 75 2004 203 2063; x_wconf 89' lang='lat' dir='ltr'><strong>arietum</strong></span> <span class='ocrx_word' id='word_1_158' title='bbox 221 2017 438 2080; x_wconf 87' lang='lat' dir='ltr'><strong>caprarumque</strong></span> <span class='ocrx_word' id='word_1_159' title='bbox 458 2001 555 2061; x_wconf 91' lang='lat' dir='ltr'><strong>dorsis</strong></span> <span class='ocrx_word' id='word_1_160' title='bbox 574 2007 703 2061; x_wconf 88' lang='lat' dir='ltr'><strong>armatos</strong></span> <span class='ocrx_word' id='word_1_161' title='bbox 726 2003 842 2080; x_wconf 89' lang='lat' dir='ltr'><strong>sagittis</strong></span> <span class='ocrx_word' id='word_1_162' title='bbox 862 2004 940 2062; x_wconf 89' lang='lat' dir='ltr'><strong>veris</strong></span> <span class='ocrx_word' id='word_1_163' title='bbox 959 2009 1094 2081; x_wconf 87' lang='lat' dir='ltr'><strong>tempore</strong></span> 
     </span>
     <span class='ocr_line' id='line_1_22' title="bbox 76 2089 1096 2168; baseline 0 -18"><span class='ocrx_word' id='word_1_164' title='bbox 76 2093 215 2150; x_wconf 90' lang='lat' dir='ltr'><strong>universo</strong></span> <span class='ocrx_word' id='word_1_165' title='bbox 239 2091 355 2168; x_wconf 90' lang='lat' dir='ltr'><strong>agmine</strong></span> <span class='ocrx_word' id='word_1_166' title='bbox 378 2090 414 2149; x_wconf 86' lang='lat' dir='ltr'><strong>ad</strong></span> <span class='ocrx_word' id='word_1_167' title='bbox 437 2107 518 2149; x_wconf 91' lang='lat' dir='ltr'><strong>mare</strong></span> <span class='ocrx_word' id='word_1_168' title='bbox 538 2090 719 2150; x_wconf 85' lang='lat' dir='ltr'><strong>descendere</strong></span> <span class='ocrx_word' id='word_1_169' title='bbox 744 2099 774 2150; x_wconf 92' lang='lat' dir='ltr'><strong>et</strong></span> <span class='ocrx_word' id='word_1_170' title='bbox 798 2108 851 2148; x_wconf 89' lang='lat' dir='ltr'><strong>ova</strong></span> <span class='ocrx_word' id='word_1_171' title='bbox 868 2089 1025 2168; x_wconf 90' lang='lat' dir='ltr'><strong>pullosque</strong></span> <span class='ocrx_word' id='word_1_172' title='bbox 1049 2110 1096 2150; x_wconf 88' lang='lat' dir='ltr'><strong>ea-</strong></span> 
     </span>
     <span class='ocr_line' id='line_1_23' title="bbox 75 2178 1096 2259; baseline 0 -21"><span class='ocrx_word' id='word_1_173' title='bbox 75 2197 142 2238; x_wconf 86' lang='lat' dir='ltr'><strong>rnm</strong></span> <span class='ocrx_word' id='word_1_174' title='bbox 165 2178 270 2238; x_wconf 89' lang='lat' dir='ltr'><strong>alitum</strong></span> <span class='ocrx_word' id='word_1_175' title='bbox 294 2195 480 2259; x_wconf 76' lang='lat' dir='ltr'><strong>conqunere,</strong></span> <span class='ocrx_word' id='word_1_176' title='bbox 502 2180 597 2238; x_wconf 90' lang='lat' dir='ltr'><strong>ternis</strong></span> <span class='ocrx_word' id='word_1_177' title='bbox 616 2179 836 2257; x_wconf 87' lang='lat' dir='ltr'><strong>expeditionem</strong></span> <span class='ocrx_word' id='word_1_178' title='bbox 854 2196 919 2237; x_wconf 89' lang='lat' dir='ltr'><strong>earn</strong></span> <span class='ocrx_word' id='word_1_179' title='bbox 942 2178 1096 2238; x_wconf 91' lang='lat' dir='ltr'><strong>mensibus</strong></span> 
     </span>
     <span class='ocr_line' id='line_1_24' title="bbox 74 2265 1096 2346; baseline 0 -20"><span class='ocrx_word' id='word_1_180' title='bbox 74 2268 195 2346; x_wconf 69' lang='lat' dir='ltr'><strong>confici,</strong></span> <span class='ocrx_word' id='word_1_181' title='bbox 227 2265 315 2326; x_wconf 88' lang='lat' dir='ltr'><strong>aliter</strong></span> <span class='ocrx_word' id='word_1_182' title='bbox 337 2267 447 2327; x_wconf 80' lang='lat' dir='ltr'><strong>futuris</strong></span> <span class='ocrx_word' id='word_1_183' title='bbox 470 2266 609 2345; x_wconf 90' lang='lat' dir='ltr'><strong>gregibus</strong></span> <span class='ocrx_word' id='word_1_184' title='bbox 637 2285 697 2326; x_wconf 92' lang='lat' dir='ltr'><strong>non</strong></span> <span class='ocrx_word' id='word_1_185' title='bbox 725 2269 833 2327; x_wconf 89' lang='lat' dir='ltr'><strong>resisti.</strong></span> <span class='ocrx_word' id='word_1_186' title='bbox 881 2285 963 2326; x_wconf 90' lang='lat' dir='ltr'><strong>casas</strong></span> <span class='ocrx_word' id='word_1_187' title='bbox 991 2285 1096 2327; x_wconf 88' lang='lat' dir='ltr'><strong>eorum</strong></span> 
     </span>
     <span class='ocr_line' id='line_1_25' title="bbox 74 2356 1215 2436; baseline -0.002 -22"><span class='ocrx_word' id='word_1_188' title='bbox 74 2357 137 2416; x_wconf 91' lang='lat' dir='ltr'><strong>luto</strong></span> <span class='ocrx_word' id='word_1_189' title='bbox 160 2357 321 2436; x_wconf 89' lang='lat' dir='ltr'><strong>pinnisque</strong></span> <span class='ocrx_word' id='word_1_190' title='bbox 345 2363 375 2416; x_wconf 91' lang='lat' dir='ltr'><strong>et</strong></span> <span class='ocrx_word' id='word_1_191' title='bbox 398 2373 522 2416; x_wconf 92' lang='lat' dir='ltr'><strong>ovorum</strong></span> <span class='ocrx_word' id='word_1_192' title='bbox 544 2356 746 2434; x_wconf 89' lang='lat' dir='ltr'><strong>putaminibus</strong></span> <span class='ocrx_word' id='word_1_193' title='bbox 771 2358 914 2415; x_wconf 80' lang='lat' dir='ltr'><strong>construi.</strong></span> <span class='ocrx_word' id='word_1_194' title='bbox 956 2356 1095 2415; x_wconf 79' lang='lat' dir='ltr'><strong>Aristo·</strong></span> <span class='ocrx_word' id='word_1_195' title='bbox 1115 2365 1148 2412; x_wconf 75' lang='grc'><strong>27</strong></span> <span class='ocrx_word' id='word_1_196' title='bbox 1211 2359 1215 2369; x_wconf 86' lang='grc'><strong>“</strong></span> 
     </span>
     <span class='ocr_line' id='line_1_26' title="bbox 39 2443 1096 2525; baseline 0 -21"><span class='ocrx_word' id='word_1_197' title='bbox 39 2457 63 2496; x_wconf 76' lang='lat'><strong>25</strong></span> <span class='ocrx_word' id='word_1_198' title='bbox 76 2445 166 2505; x_wconf 88' lang='lat' dir='ltr'><strong>teles</strong></span> <span class='ocrx_word' id='word_1_199' title='bbox 195 2446 228 2504; x_wconf 91' lang='lat' dir='ltr'><strong>in</strong></span> <span class='ocrx_word' id='word_1_200' title='bbox 257 2447 391 2504; x_wconf 88' lang='lat' dir='ltr'><strong>cavernis</strong></span> <span class='ocrx_word' id='word_1_201' title='bbox 420 2447 519 2504; x_wconf 88' lang='lat' dir='ltr'><strong>vivere</strong></span> <span class='ocrx_word' id='word_1_202' title='bbox 542 2443 705 2523; x_wconf 74' lang='lat' dir='ltr'><strong>Pygmaeos</strong></span> <span class='ocrx_word' id='word_1_203' title='bbox 728 2445 831 2525; x_wconf 89' lang='lat' dir='ltr'><strong>tradit,</strong></span> <span class='ocrx_word' id='word_1_204' title='bbox 865 2452 965 2504; x_wconf 89' lang='lat' dir='ltr'><strong>cetera</strong></span> <span class='ocrx_word' id='word_1_205' title='bbox 988 2443 1025 2504; x_wconf 91' lang='lat' dir='ltr'><strong>de</strong></span> <span class='ocrx_word' id='word_1_206' title='bbox 1048 2445 1096 2504; x_wconf 90' lang='lat' dir='ltr'><strong>his</strong></span> 
     </span>
     <span class='ocr_line' id='line_1_27' title="bbox 76 2531 1096 2612; baseline -0.002 -18"><span class='ocrx_word' id='word_1_207' title='bbox 76 2543 108 2594; x_wconf 92' lang='lat' dir='ltr'><strong>ut</strong></span> <span class='ocrx_word' id='word_1_208' title='bbox 130 2533 250 2612; x_wconf 89' lang='lat' dir='ltr'><strong>reliqui.</strong></span> <span class='ocrx_word' id='word_1_209' title='bbox 297 2531 411 2612; x_wconf 85' lang='lat' dir='ltr'><strong>Cyrnos</strong></span> <span class='ocrx_word' id='word_1_210' title='bbox 434 2532 576 2593; x_wconf 89' lang='lat' dir='ltr'><strong>ludorum</strong></span> <span class='ocrx_word' id='word_1_211' title='bbox 603 2551 698 2612; x_wconf 91' lang='lat' dir='ltr'><strong>genus</strong></span> <span class='ocrx_word' id='word_1_212' title='bbox 721 2532 889 2612; x_wconf 86' lang='lat' dir='ltr'><strong>lsigonus</strong></span> <span class='ocrx_word' id='word_1_213' title='bbox 918 2536 1096 2594; x_wconf 90' lang='lat' dir='ltr'><strong>annis-cen-</strong></span> 
     </span>
     <span class='ocr_line' id='line_1_28' title="bbox 76 2619 1095 2703; baseline 0 -21"><span class='ocrx_word' id='word_1_214' title='bbox 76 2625 151 2683; x_wconf 88' lang='lat' dir='ltr'><strong>tenis</strong></span> <span class='ocrx_word' id='word_1_215' title='bbox 176 2621 375 2700; x_wconf 87' lang='lat' dir='ltr'><strong>quadragenis</strong></span> <span class='ocrx_word' id='word_1_216' title='bbox 398 2625 507 2703; x_wconf 88' lang='lat' dir='ltr'><strong>vivere,</strong></span> <span class='ocrx_word' id='word_1_217' title='bbox 529 2623 603 2682; x_wconf 91' lang='lat' dir='ltr'><strong>item</strong></span> <span class='ocrx_word' id='word_1_218' title='bbox 621 2621 780 2701; x_wconf 79' lang='lat' dir='ltr'><strong>Aethiopas</strong></span> <span class='ocrx_word' id='word_1_219' title='bbox 803 2619 970 2682; x_wconf 84' lang='lat' dir='ltr'><strong>Macrobius</strong></span> <span class='ocrx_word' id='word_1_220' title='bbox 994 2630 1024 2682; x_wconf 91' lang='lat' dir='ltr'><strong>et</strong></span> <span class='ocrx_word' id='word_1_221' title='bbox 1044 2621 1095 2682; x_wconf 90' lang='lat' dir='ltr'><strong>Se·</strong></span> 
     </span>
     <span class='ocr_line' id='line_1_29' title="bbox 75 2710 1096 2792; baseline -0.001 -21"><span class='ocrx_word' id='word_1_222' title='bbox 75 2730 127 2771; x_wconf 89' lang='lat' dir='ltr'><strong>ras.</strong></span> <span class='ocrx_word' id='word_1_223' title='bbox 146 2713 297 2772; x_wconf 86' lang='lat' dir='ltr'><strong>existimat</strong></span> <span class='ocrx_word' id='word_1_224' title='bbox 321 2717 351 2770; x_wconf 88' lang='lat' dir='ltr'><strong>et</strong></span> <span class='ocrx_word' id='word_1_225' title='bbox 374 2713 426 2789; x_wconf 92' lang='lat' dir='ltr'><strong>qni</strong></span> <span class='ocrx_word' id='word_1_226' title='bbox 448 2710 547 2771; x_wconf 81' lang='lat' dir='ltr'><strong>Athon</strong></span> <span class='ocrx_word' id='word_1_227' title='bbox 569 2719 701 2771; x_wconf 88' lang='lat' dir='ltr'><strong>montem</strong></span> <span class='ocrx_word' id='word_1_228' title='bbox 723 2711 864 2792; x_wconf 90' lang='lat' dir='ltr'><strong>incolant,</strong></span> <span class='ocrx_word' id='word_1_229' title='bbox 887 2711 942 2770; x_wconf 93' lang='lat' dir='ltr'><strong>hos</strong></span> <span class='ocrx_word' id='word_1_230' title='bbox 966 2712 1096 2791; x_wconf 77' lang='lat' dir='ltr'><strong>quidem,</strong></span> 
     </span>
     <span class='ocr_line' id='line_1_30' title="bbox 75 2799 1096 2880; baseline -0.001 -19"><span class='ocrx_word' id='word_1_231' title='bbox 75 2803 144 2880; x_wconf 86' lang='lat' dir='ltr'><strong>quia</strong></span> <span class='ocrx_word' id='word_1_232' title='bbox 161 2801 307 2879; x_wconf 84' lang='lat' dir='ltr'><strong>viperinis</strong></span> <span class='ocrx_word' id='word_1_233' title='bbox 326 2799 466 2860; x_wconf 89' lang='lat' dir='ltr'><strong>carnibus</strong></span> <span class='ocrx_word' id='word_1_234' title='bbox 485 2799 614 2880; x_wconf 72' lang='lat' dir='ltr'><strong>alantur,</strong></span> <span class='ocrx_word' id='word_1_235' title='bbox 637 2803 737 2879; x_wconf 90' lang='lat' dir='ltr'><strong>itaque</strong></span> <span class='ocrx_word' id='word_1_236' title='bbox 755 2818 812 2860; x_wconf 92' lang='lat' dir='ltr'><strong>nec</strong></span> <span class='ocrx_word' id='word_1_237' title='bbox 827 2802 917 2878; x_wconf 89' lang='lat' dir='ltr'><strong>capiti</strong></span> <span class='ocrx_word' id='word_1_238' title='bbox 936 2817 992 2860; x_wconf 93' lang='lat' dir='ltr'><strong>nec</strong></span> <span class='ocrx_word' id='word_1_239' title='bbox 1006 2803 1096 2860; x_wconf 88' lang='lat' dir='ltr'><strong>vesti-</strong></span> 
     </span>
     <span class='ocr_line' id='line_1_31' title="bbox 38 2887 1149 2968; baseline -0.006 -18"><span class='ocrx_word' id='word_1_240' title='bbox 38 2889 130 2950; x_wconf 79' lang='lat' dir='ltr'><strong>³⁰bus</strong></span> <span class='ocrx_word' id='word_1_241' title='bbox 158 2905 266 2949; x_wconf 87' lang='lat' dir='ltr'><strong>eorum</strong></span> <span class='ocrx_word' id='word_1_242' title='bbox 294 2890 381 2948; x_wconf 91' lang='lat' dir='ltr'><strong>noxia</strong></span> <span class='ocrx_word' id='word_1_243' title='bbox 409 2890 528 2968; x_wconf 91' lang='lat' dir='ltr'><strong>corpori</strong></span> <span class='ocrx_word' id='word_1_244' title='bbox 550 2891 648 2948; x_wconf 91' lang='lat' dir='ltr'><strong>inesse</strong></span> <span class='ocrx_word' id='word_1_245' title='bbox 672 2889 815 2949; x_wconf 87' lang='lat' dir='ltr'><strong>animalia.</strong></span> <span class='ocrx_word' id='word_1_246' title='bbox 863 2887 1095 2950; x_wconf 88' lang='lat' dir='ltr'><strong>Onesicritus</strong></span> <span class='ocrx_word' id='word_1_247' title='bbox 1115 2896 1149 2943; x_wconf 83' lang='grc'><strong>28</strong></span> 
     </span>
     <span class='ocr_line' id='line_1_32' title="bbox 75 2976 1095 3058; baseline -0.002 -18"><span class='ocrx_word' id='word_1_248' title='bbox 75 2979 183 3057; x_wconf 90' lang='lat' dir='ltr'><strong>quibus</strong></span> <span class='ocrx_word' id='word_1_249' title='bbox 213 2976 288 3038; x_wconf 87' lang='lat' dir='ltr'><strong>locis</strong></span> <span class='ocrx_word' id='word_1_250' title='bbox 318 2977 418 3038; x_wconf 88' lang='lat' dir='ltr'><strong>lndiae</strong></span> <span class='ocrx_word' id='word_1_251' title='bbox 448 2976 571 3038; x_wconf 88' lang='lat' dir='ltr'><strong>umbrae</strong></span> <span class='ocrx_word' id='word_1_252' title='bbox 601 2995 661 3037; x_wconf 92' lang='lat' dir='ltr'><strong>non</strong></span> <span class='ocrx_word' id='word_1_253' title='bbox 694 2979 754 3037; x_wconf 92' lang='lat' dir='ltr'><strong>sint</strong></span> <span class='ocrx_word' id='word_1_254' title='bbox 777 2995 910 3058; x_wconf 81' lang='lat' dir='ltr'><strong>¹corpora</strong></span> <span class='ocrx_word' id='word_1_255' title='bbox 940 2976 1095 3038; x_wconf 87' lang='lat' dir='ltr'><strong>hominum</strong></span> 
     </span>
     <span class='ocr_line' id='line_1_33' title="bbox 75 3065 1095 3148; baseline 0.001 -22"><span class='ocrx_word' id='word_1_256' title='bbox 75 3067 247 3128; x_wconf 89' lang='lat' dir='ltr'><strong>cubitorum</strong></span> <span class='ocrx_word' id='word_1_257' title='bbox 271 3067 396 3145; x_wconf 89' lang='lat' dir='ltr'><strong>quinum</strong></span> <span class='ocrx_word' id='word_1_258' title='bbox 420 3073 450 3126; x_wconf 91' lang='lat' dir='ltr'><strong>et</strong></span> <span class='ocrx_word' id='word_1_259' title='bbox 472 3066 610 3127; x_wconf 90' lang='lat' dir='ltr'><strong>binarum</strong></span> <span class='ocrx_word' id='word_1_260' title='bbox 632 3065 796 3147; x_wconf 87' lang='lat' dir='ltr'><strong>palmarum</strong></span> <span class='ocrx_word' id='word_1_261' title='bbox 819 3069 978 3148; x_wconf 87' lang='lat' dir='ltr'><strong>exsistere,</strong></span> <span class='ocrx_word' id='word_1_262' title='bbox 1003 3075 1032 3127; x_wconf 94' lang='lat' dir='ltr'><strong>et</strong></span> <span class='ocrx_word' id='word_1_263' title='bbox 1054 3069 1095 3126; x_wconf 91' lang='lat' dir='ltr'><strong>vi·</strong></span> 
     </span>
     <span class='ocr_line' id='line_1_34' title="bbox 76 3155 1096 3244; baseline 0 -30"><span class='ocrx_word' id='word_1_264' title='bbox 76 3173 143 3216; x_wconf 93' lang='lat' dir='ltr'><strong>vere</strong></span> <span class='ocrx_word' id='word_1_265' title='bbox 167 3173 263 3216; x_wconf 89' lang='lat' dir='ltr'><strong>annos</strong></span> <span class='ocrx_word' id='word_1_266' title='bbox 280 3167 390 3236; x_wconf 79' lang='lat' dir='ltr'><strong>cxxx,</strong></span> <span class='ocrx_word' id='word_1_267' title='bbox 407 3174 469 3230; x_wconf 91' lang='lat' dir='ltr'><strong>nec</strong></span> <span class='ocrx_word' id='word_1_268' title='bbox 488 3173 645 3216; x_wconf 90' lang='lat' dir='ltr'><strong>senescere</strong></span> <span class='ocrx_word' id='word_1_269' title='bbox 670 3155 722 3215; x_wconf 91' lang='lat' dir='ltr'><strong>sed</strong></span> <span class='ocrx_word' id='word_1_270' title='bbox 746 3163 780 3244; x_wconf 82' lang='lat' dir='ltr'><strong>nt</strong></span> <span class='ocrx_word' id='word_1_271' title='bbox 799 3157 895 3216; x_wconf 92' lang='lat' dir='ltr'><strong>medio</strong></span> <span class='ocrx_word' id='word_1_272' title='bbox 919 3174 991 3216; x_wconf 91' lang='lat' dir='ltr'><strong>aevo</strong></span> <span class='ocrx_word' id='word_1_273' title='bbox 1010 3157 1096 3216; x_wconf 90' lang='lat' dir='ltr'><strong>mori.</strong></span> 
     </span>
    </p>
   </div>
   <div class='ocr_carea' id='block_1_3' title="bbox 77 3432 1096 3700">
    <p class='ocr_par' dir='ltr' id='par_1_3' title="bbox 77 3432 1096 3645">
     <span class='ocr_line' id='line_1_35' title="bbox 145 3432 1095 3502; baseline -0.002 -15"><span class='ocrx_word' id='word_1_274' title='bbox 145 3437 161 3487; x_wconf 84' lang='lat'>8</span> <span class='ocrx_word' id='word_1_275' title='bbox 182 3433 303 3502; x_wconf 81' lang='lat' dir='ltr'><strong>scyribas</strong></span> <span class='ocrx_word' id='word_1_276' title='bbox 320 3439 374 3486; x_wconf 75' lang='grc' dir='ltr'><strong>Π.</strong></span> <span class='ocrx_word' id='word_1_277' title='bbox 404 3432 526 3488; x_wconf 79' lang='lat' dir='ltr'><strong>Sciratae</strong></span> <span class='ocrx_word' id='word_1_278' title='bbox 546 3434 615 3488; x_wconf 77' lang='lat' dir='ltr'><strong>coni.</strong></span> <span class='ocrx_word' id='word_1_279' title='bbox 635 3433 691 3489; x_wconf 79' lang='lat' dir='ltr'><strong>Ura</strong></span> <span class='ocrx_word' id='word_1_280' title='bbox 711 3435 787 3490; x_wconf 79' lang='lat' dir='ltr'><strong>aiod.</strong></span> <span class='ocrx_word' id='word_1_281' title='bbox 805 3452 833 3491; x_wconf 82' lang='lat' dir='ltr'><strong>n.</strong></span> <span class='ocrx_word' id='word_1_282' title='bbox 845 3439 907 3488; x_wconf 88' lang='lat'><strong>150.</strong></span> <span class='ocrx_word' id='word_1_283' title='bbox 983 3432 1095 3487; x_wconf 75' lang='lat' dir='ltr'><strong>15&#39;Tri-</strong></span> 
     </span>
     <span class='ocr_line' id='line_1_36' title="bbox 77 3503 1096 3578; baseline -0.002 -21"><span class='ocrx_word' id='word_1_284' title='bbox 77 3503 212 3572; x_wconf 82' lang='lat' dir='ltr'><strong>spithami</strong></span> <span class='ocrx_word' id='word_1_285' title='bbox 225 3503 318 3559; x_wconf 83' lang='lat' dir='ltr'><strong>Herd.</strong></span> <span class='ocrx_word' id='word_1_286' title='bbox 342 3505 393 3558; x_wconf 78' lang='lat' dir='ltr'><strong>tris</strong></span> <span class='ocrx_word' id='word_1_287' title='bbox 414 3505 514 3558; x_wconf 85' lang='lat' dir='ltr'><strong>hitami</strong></span> <span class='ocrx_word' id='word_1_288' title='bbox 527 3509 552 3558; x_wconf 81' lang='lat' dir='ltr'><strong>d.</strong></span> <span class='ocrx_word' id='word_1_289' title='bbox 576 3504 710 3574; x_wconf 83' lang='lat' dir='ltr'><strong>spithami</strong></span> <span class='ocrx_word' id='word_1_290' title='bbox 723 3511 751 3558; x_wconf 71' lang='grc' dir='ltr'><strong>Τ.</strong></span> <span class='ocrx_word' id='word_1_291' title='bbox 774 3505 908 3578; x_wconf 76' lang='lat' dir='ltr'><strong>sphitami</strong></span> <span class='ocrx_word' id='word_1_292' title='bbox 921 3509 998 3558; x_wconf 75' lang='lat' dir='ltr'><strong>ltro..</strong></span> <span class='ocrx_word' id='word_1_293' title='bbox 1017 3503 1096 3572; x_wconf 75' lang='lat' dir='ltr'><strong>&#39;sphi-</strong></span> 
     </span>
     <span class='ocr_line' id='line_1_37' title="bbox 77 3573 1022 3645; baseline -0.001 -18"><span class='ocrx_word' id='word_1_294' title='bbox 77 3575 166 3630; x_wconf 83' lang='lat' dir='ltr'><strong>thami</strong></span> <span class='ocrx_word' id='word_1_295' title='bbox 183 3580 216 3629; x_wconf 72' lang='grc' dir='ltr'><strong>Β.</strong></span> <span class='ocrx_word' id='word_1_296' title='bbox 291 3581 325 3630; x_wconf 78' lang='grc'><strong>26</strong></span> <span class='ocrx_word' id='word_1_297' title='bbox 343 3577 388 3630; x_wconf 83' lang='lat' dir='ltr'><strong>tra</strong></span> <span class='ocrx_word' id='word_1_298' title='bbox 410 3575 431 3629; x_wconf 78' lang='lat' dir='ltr'><strong>’t</strong></span> <span class='ocrx_word' id='word_1_299' title='bbox 448 3574 576 3645; x_wconf 85' lang='lat' dir='ltr'><strong>isigonus</strong></span> <span class='ocrx_word' id='word_1_300' title='bbox 594 3575 632 3629; x_wconf 63' lang='lat' dir='ltr'><strong>dl.</strong></span> <span class='ocrx_word' id='word_1_301' title='bbox 705 3581 739 3630; x_wconf 81' lang='grc'><strong>27</strong></span> <span class='ocrx_word' id='word_1_302' title='bbox 760 3576 856 3629; x_wconf 84' lang='lat' dir='ltr'><strong>uiuere</strong></span> <span class='ocrx_word' id='word_1_303' title='bbox 874 3574 962 3628; x_wconf 80' lang='lat' dir='ltr'><strong>tradit</strong></span> <span class='ocrx_word' id='word_1_304' title='bbox 979 3573 1022 3627; x_wconf 69' lang='grc' dir='ltr'><strong>θ’.</strong></span> 
     </span>
    </p>

    <p class='ocr_par' dir='ltr' id='par_1_4' title="bbox 79 3645 378 3700">
     <span class='ocr_line' id='line_1_38' title="bbox 79 3645 378 3700; baseline 0.003 -3"><span class='ocrx_word' id='word_1_305' title='bbox 79 3651 111 3699; x_wconf 85' lang='grc'><strong>28</strong></span> <span class='ocrx_word' id='word_1_306' title='bbox 130 3646 296 3700; x_wconf 78' lang='lat' dir='ltr'><strong>existimant</strong></span> <span class='ocrx_word' id='word_1_307' title='bbox 313 3645 378 3699; x_wconf 69' lang='grc' dir='ltr'><strong>Μ’,</strong></span> 
     </span>
    </p>
   </div>
   <div class='ocr_carea' id='block_1_4' title="bbox 0 0 1317 3958">
    <p class='ocr_par' dir='ltr' id='par_1_5' title="bbox 0 0 1317 3958">
     <span class='ocr_line' id='line_1_39' title="bbox 0 0 1317 3958; baseline 0 0"><span class='ocrx_word' id='word_1_308' title='bbox 0 0 1317 3958; x_wconf 95' lang='lat' dir='ltr'><strong> </strong></span> 
     </span>
    </p>
   </div>
  </div>
 </body>
</html>
