2628 3950
225 161 274 238 20Ι
421 220 423 226 ,
572 157 602 212 c.
621 155 721 213 emm
739 154 897 212 succum

171 319 205 371 te
294 301 351 370 ln.
378 306 492 368 Ferunt
510 304 651 367 Crassum
669 322 756 365 aarum
770 302 870 364 Crassi
887 305 919 364 in
933 300 1050 364 Parthis
1069 303 1242 381 interempti

223 413 387 475 numquam
418 397 535 476 risisse,
567 392 604 454 ob
632 393 663 454 id
690 391 860 472 Agelastum
887 399 1036 472 uocatum,
1069 392 1158 452 sicuti
1185 408 1242 453 nee
1302 375 1303 458 l

224 485 312 548 flesse
339 483 458 546 multos.
506 481 659 544 Socratem
687 481 801 542 clarum
824 483 968 562 sapientia
995 479 1100 540 eodem
1123 496 1243 558 semper

224 577 321 636 visum
343 571 441 653 vultu,
472 590 528 634 uec
551 579 603 632 aut
624 570 718 632 hilaro
746 572 840 648 magis
863 577 915 630 aut
936 567 1064 631 turbato.
1111 569 1171 630 exit
1193 567 1242 630 hic

224 664 315 724 animi
337 669 425 722 tenor
448 659 605 739 aliquando
633 661 665 720 in
687 661 818 738 rigorem
843 657 992 737 quendam
1014 659 1268 735 torvitatemques

222 758 348 812 naturae
367 749 473 810 duram
493 757 522 810 et
540 747 745 828 inflexibilem,
764 745 947 826 affectusque
966 745 1244 826 hnmanosadimit,

208 839 327 918 *quales
351 833 486 900 ἀπαθεῖ(
506 835 611 898 Graeci
633 843 740 896 vocant
760 836 869 898 multos
893 837 957 898 eins
976 838 1095 915 generis
1119 836 1244 914 experti,

172 939 207 990 eo
226 927 365 1008 quodque
388 929 498 988 mbum
521 929 568 1008 sit,
591 933 729 986 auctores
751 926 878 986 maxime
897 926 1068 1006 sapientiae,
1090 923 1244 1002 Diogenen

225 1016 377 1098 Cynicum,
400 1015 595 1096 Pyrrhonem,
609 1013 810 1095 Heraclitum,
832 1013 996 1094 Timonem,
1018 1012 1098 1074 hunc
1122 1011 1244 1092 qtridem

225 1108 314 1168 etiam
336 1107 368 1166 in
386 1107 479 1166 totius
502 1103 604 1164 odium
623 1104 741 1182 generis
763 1102 887 1162 humani
909 1110 1053 1164 evectum.
1094 1099 1146 1162 sed
1169 1101 1281 1162 haec10

223 1211 313 1275 parva
337 1201 460 1254 naturae
478 1194 606 1272 insignia
628 1194 660 1252 in
683 1191 786 1252 multis
804 1193 884 1252 varia
907 1197 1137 1271 cognoscuntur,
1159 1191 1244 1250 utin

224 1283 351 1344 Antonia
370 1281 459 1344 Drusi
482 1298 644 1360 numquam
667 1281 834 1362 exspuisse,
857 1281 889 1340 in
906 1279 1071 1360 Pomponio
1094 1277 1244 1340 consulari

224 1378 313 1451 pocta
336 1388 396 1430 nou
419 1378 563 1432 ructasse.
579 1401 621 1413 -—
637 1362 768 1451 (Quibus
787 1376 893 1430 natura
917 1375 1057 1430 concreta
1079 1375 1148 1429 sunt
1167 1385 1244 1446 ossa,

173 1509 176 1514 .
226 1461 279 1538 quai
302 1466 374 1520 sunt
395 1460 456 1519 rari
479 1457 651 1538 admodum,
674 1459 777 1519 cornei
799 1450 967 1540 vocantur.)
991 1490 1051 1500 —=

174 1563 206 1613 81
295 1541 354 1609 20.
379 1539 452 1629 (19)
484 1545 616 1628 Corpore
635 1563 722 1607 vesco
746 1544 799 1608 sed
822 1547 937 1606 eximiis
955 1544 1069 1607 viribus
1087 1544 1245 1606 Tritanum
1259 1557 1282 1598 15

226 1637 258 1696 in
281 1633 452 1714 gladiatorio
472 1634 556 1716 ludo,
580 1634 757 1696 Samnitium
780 1643 929 1696 armatura
952 1633 1114 1715 celebrem,
1137 1633 1243 1694 filium-

227 1740 284 1802 que
314 1725 378 1783 eius
406 1723 532 1784 militem
559 1723 657 1803 Magni
684 1722 820 1805 Pompei,
852 1732 884 1786 et
910 1731 1009 1784 rectos
1038 1731 1068 1784 et
1092 1731 1244 1784 traversos

227 1810 411 1872 cancellatim
425 1819 488 1874 toto
507 1827 633 1891 corpore
647 1810 787 1873 habuisse
806 1831 927 1893 nervos,
947 1815 979 1874 in
993 1811 1140 1873 bracchiis
1155 1814 1244 1872 ctiam

226 1899 438 1982 manibusque,
470 1908 574 1962 auctor
603 1907 648 1961 est
675 1899 782 1961 Varro
811 1903 843 1962 iu
870 1901 1109 1980 prodigiosarum
1135 1901 1244 1961 virium

226 1989 384 2070 relatione,
414 1996 503 2068 atque
531 1991 620 2050 etiam
642 1989 759 2050 hostem
786 1989 821 2050 ab
846 2008 881 2049 eo
909 2009 946 2050 ex
956 1991 1177 2071 ,provocatione
1201 1988 1243 2049 di·
1257 2003 1303 2078 20,

226 2080 355 2140 micante
368 2080 477 2140 inermi
491 2077 613 2139 dextera
631 2075 651 2118 ²¹⁸
666 2087 840 2159 superatum
856 2085 887 2139 et
900 2086 1053 2159 postremo
1073 2085 1245 2159 correptum
1302 2079 1303 2092 ¹

174 2177 208 2226 82
228 2166 323 2229 *unc
342 2167 434 2247 digito
449 2165 469 2206 ’¹‘
483 2167 514 2228 in
534 2176 630 2228 castra
649 2166 795 2228 tralatum.
824 2174 854 2226 at
872 2165 996 2228 Vinnius
1010 2166 1117 2230 Valens
1135 2169 1245 2228 meruit

226 2258 259 2319 in
280 2257 431 2336 praetorio
454 2255 514 2316 divi
537 2253 663 2336 Arrgusti
687 2257 836 2336 centurio,
861 2255 996 2317 vehicula
1020 2253 1116 2333 [cum]
1141 2255 1245 2316 culleis

227 2352 334 2406 onusta
355 2344 451 2405 donec
474 2347 698 2406 exinanirentur
722 2346 872 2405 sustinere
891 2344 1010 2426 solitus,
1034 2351 1175 2424 carpenta
1196 2341 1244 2406 ad-

226 2431 375 2512 prehensa
404 2451 463 2494 uua
491 2451 581 2494 mauu
610 2434 756 2513 retinere,
788 2431 915 2494 obnixus
946 2441 1050 2494 contra
1080 2431 1246 2496 nitentibus
1260 2446 1285 2486 25

175 2560 176 2564 =
227 2522 377 2601 iumentis,
401 2529 431 2582 et
454 2520 509 2580 alia
527 2521 651 2582 mirifica
670 2521 767 2582 lacere
787 2539 862 2599 quae
881 2522 1029 2604 insculpta
1052 2529 1246 2584 monumento

176 2619 210 2667 83
231 2610 295 2670 eius
324 2616 504 2688 spectantur.
550 2608 629 2670 idem
656 2608 693 2672 M.
712 2608 834 2671 Varro:
870 2611 1109 2692 Rusticelius,
1139 2612 1247 2691 iuquit,

300 2857 316 2905 2
336 2851 408 2906 sicut
425 2856 477 2904 Rd.
551 2856 567 2904 5
588 2851 682 2906 animo
701 2855 799 2905 brad.
868 2855 1004 2908 ductura
1022 2852 1108 2906 durae
1126 2858 1158 2905 Β.
1179 2855 1183 2922 Ι
1206 2853 1246 2907 af-

227 2923 372 2992 fectusque
395 2921 465 2975 1²2²
482 2921 552 2978 Rob.
580 2921 629 2977 eff·
646 2939 670 2977 r.
744 2927 760 2976 8
784 2923 915 2992 quodque
936 2929 989 2978 Rc.
1017 2923 1093 2991 qaod
1114 2941 1138 2976 r.
1213 2930 1246 2978 13

228 2995 313 3066 poeta
330 3010 485 3062 numquam
502 2999 526 3045 1t
540 2992 585 3063 (ἓ).
613 2995 699 3062 poeta
715 3010 773 3048 non
791 3010 815 3048 r.
842 2995 973 3062 lnatnra
990 3011 1014 3049 u.
1039 3009 1097 3048 -rae
1112 2995 1145 3049 ll.
1168 2996 1248 3048 mcci-

228 3081 280 3121 nce
293 3066 379 3134 posm'
396 3080 458 3120 cum
477 3063 535 3120 Uri.
553 3065 630 3119 viad.
648 3080 676 3118 a.
686 3069 751 3119 158.
843 3069 876 3119 15
895 3081 979 3120 uesco
998 3065 1074 3119 1¹22.
1102 3067 1184 3120 nasio
1203 3066 1246 3119 1²¹².

227 3137 325 3191 ntesco
343 3142 374 3189 Β.
402 3137 513 3190 utescos
531 3152 555 3189 r.
590 3137 594 3203 l
627 3135 763 3189 tritanum
781 3135 818 3188 2².
848 3153 964 3190 -annum
982 3135 1069 3191 Solia.
1088 3141 1115 3202 1,
1125 3141 1169 3191 75.
1196 3137 1247 3190 bri-

229 3207 366 3261 bntauum
384 3223 407 3261 r.
438 3207 488 3273 cfr.
508 3205 635 3262 Hcibner.
653 3206 751 3274 epham.
769 3207 855 3276 eptas.
875 3209 968 3264 [148.
1056 3203 1247 3261 18'canoella-

228 3277 281 3331 cim
300 3281 323 3330 d.
353 3277 425 3330 -cill-
443 3294 467 3331 r.
541 3283 574 3332 19
592 3276 623 3331 in
640 3282 671 3330 Β.
695 3293 745 3332 om.
764 3294 787 3332 r.
808 3277 813 3346 l
833 3277 1058 3348 prodigiosarum
1077 3277 1169 3333 Inuus
1187 3281 1246 3334 coll.

132 3379 134 3384 ,
228 3347 316 3404 Solia.
336 3349 353 3401 l.
373 3349 390 3401 i.
419 3364 481 3404 -osa
500 3348 527 3404 ll.
612 3354 646 3404 20
665 3347 801 3404 relatione
820 3348 903 3402 123².
932 3350 1000 3404 alat
1020 3354 1090 3406 edd.
1120 3348 1204 3404 salat·
1224 3367 1247 3403 r.

300 3424 333 3472 21
354 3417 534 3474 dimicantem
553 3417 630 3473 1²2².
654 3423 684 3472 at
701 3433 725 3473 c.
745 3418 832 3474 Solia.
852 3426 882 3489 1,
897 3426 943 3475 76.
1028 3425 1062 3474 22
1081 3437 1137 3474 uno
1156 3419 1247 3490 digito

228 3489 261 3543 iu
278 3489 307 3543 li.
326 3489 454 3557 tepenter
466 3493 532 3559 poet
549 3489 672 3546 dextera.
700 3505 747 3558 epo
766 3493 927 3560 bucepcsui
944 3492 1002 3547 coll.
1021 3489 1109 3546 Solia.
1128 3491 1146 3546 l.
1165 3491 1183 3546 l.

229 3563 263 3612 23
283 3559 399 3614 aeduos
417 3575 464 3628 epo
479 3561 571 3630 potul.
634 3567 669 3614 27
687 3559 763 3616 idem
781 3560 881 3618 Sabell.
910 3561 973 3617 ideo
993 3563 1020 3616 ll.
1046 3563 1050 3630 1
1078 3560 1249 3618 Rusticelius

229 3627 302 3684 Dect.
321 3645 389 3683 mus.
408 3629 496 3686 Rhea.
518 3633 624 3684 XVIII
633 3635 741 3702 p.235.
769 3632 869 3687 -oellus
889 3635 916 3690 ll.
