2620 3948
192 76 255 154 12'0
465 150 467 158 J
549 81 873 144 conmissorum

190 240 333 319 temporis
356 253 447 316 gnara
470 245 500 298 et
523 239 616 316 magis
639 237 729 297 etiam
752 235 909 315 voluptatis
932 235 1022 302 huius
1050 235 1132 295 avida
1161 267 1204 280 -
1297 221 1298 228 '

190 336 331 406 totusque
360 325 489 405 populus
512 345 528 393 e
552 326 638 386 litore
667 331 777 402 quanto
805 331 904 402 potest
931 323 1059 384 clamore
1087 325 1207 386 conciet

190 418 335 480 simonem
354 418 386 474 in
401 414 562 494 spectaculi
577 421 725 494 eventum,
744 411 882 474 celeriter
896 411 1028 491 delphini
1042 411 1205 475 exaudiamt

191 504 338 568 desideria
361 501 532 581 aquilonum
555 503 627 570 flatu
649 519 752 567 vocem
774 508 989 582 prosequente,
1020 508 1120 561 austro
1144 508 1204 565 tar·

190 591 257 658 dius
281 610 318 652 ex
338 591 464 658 adverso
487 591 646 655 referente.
693 591 745 650 scd
768 597 832 650 tum
855 607 975 668 quoque
998 591 1149 668 inproviso
1172 591 1236 652 ins

137 690 170 736 31
194 679 336 746 auxilium
363 679 507 744 advolant.
551 697 679 759 propere
708 685 830 758 apparet
857 680 936 739 ecies
964 695 1039 756 quae
1066 679 1206 756 protinus

190 769 358 848 disponitur
384 770 416 828 in
443 761 509 829 loco
537 767 589 828 ubi
617 769 770 828 coniectus
798 774 844 829 est
870 784 995 845 pugnae.
1050 775 1207 844 opponunt

190 875 255 918 sese
279 855 315 922 ab
328 856 397 919 ¹alto
421 857 613 936 trepidosque
636 858 667 920 io
681 855 754 924 vada
777 863 915 934 urguent.
953 863 1017 915 tum
1039 856 1206 933 piscatores

189 944 374 1012 circumdant
392 947 467 1022 rotie
484 946 637 1024 furcisque
653 943 815 1012 sublevant
852 943 996 1022 mugilum
1010 941 1205 1012 nihilominus

188 1035 328 1097 velocitas
352 1034 488 1096 transilit.
534 1033 651 1098 atilios
675 1035 828 1111 excipiunt
853 1031 985 1112 delphini
1009 1039 1038 1092 et
1057 1031 1205 1102 occidisse
1221 1045 1249 1085 ιο

136 1141 170 1188 32
190 1123 225 1182 ad
248 1141 391 1202 praesens
414 1125 547 1187 contenti
575 1121 657 1186 cibos
684 1123 716 1190 in
738 1122 893 1189 victoriam
916 1121 1066 1182 differunt.
1111 1138 1206 1200 opere

189 1211 337 1291 proelium
359 1211 454 1276 fervet
476 1211 649 1291 includique
671 1209 788 1279 retibus
810 1227 844 1278 oe
863 1209 1024 1272 fortissime
1039 1216 1206 1288 urguentes

189 1299 319 1379 gaudent
342 1318 389 1380 ao,
418 1319 456 1366 ne
484 1301 514 1368 id
541 1301 641 1379 ipsum
667 1299 767 1378 lugam
794 1297 925 1365 hosium
948 1297 1094 1378 stimulet,
1122 1299 1206 1360 inter

189 1391 303 1468 navigia
327 1395 356 1448 et
379 1390 454 1450 retia
477 1395 617 1456 neptesve
640 1387 776 1454 honrines
798 1389 841 1450 ita
862 1387 972 1452 sensim
988 1385 1146 1458 elabimur
1169 1395 1206 1448 ut

189 1475 301 1538 editum
324 1494 384 1542 non
408 1478 549 1556 aperiant.
596 1475 685 1558 salto,
712 1476 793 1554 quod
818 1483 863 1537 est
885 1475 956 1538 alias
978 1474 1204 1548 blandissimum
1221 1487 1250 1530 1⁵

188 1567 239 1646 iis,
269 1563 369 1626 nidlns
397 1572 521 1632 conetur
550 1565 690 1646 eradere,
722 1566 754 1628 ni
786 1563 1002 1629 submittantur,
1030 1563 1087 1623 sihi
1118 1565 1205 1630 retia

186 1671 328 1731 egressus
355 1655 493 1732 protinus
516 1662 584 1722 ante
611 1653 721 1717 rollum
744 1653 915 1732 proeliatur.
951 1655 993 1714 ita
1014 1660 1135 1732 peracto
1156 1671 1204 1714 ca·

188 1749 277 1820 ptura
290 1759 366 1820 qnos
380 1741 560 1805 interemere
574 1743 727 1821 diripiunt.
764 1743 816 1808 sed
835 1743 976 1804 enixioris
991 1760 1099 1820 operae
1114 1741 1205 1820 qoam

187 1831 332 1896 inunius
356 1829 424 1893 diei·
436 1831 603 1908 praemium
624 1832 739 1898 conscii
758 1830 814 1892 sihi
833 1832 1031 1909 opperiuntur
1053 1832 1085 1892 in
1103 1837 1204 1908 poste·

188 1936 265 1999 rom,
288 1937 343 1984 nec
366 1918 499 1998 piscihus
520 1927 640 1983 ‘tantum
661 1919 714 1987 sed
737 1927 768 1980 et
790 1921 892 1984 intrita
914 1920 999 1997 panis
1023 1937 1039 1978 e
1063 1920 1131 1980 vino
1155 1937 1200 1982 sa·
1220 1933 1248 1972 eo

189 2009 309 2071 tionum.
431 2036 434 2040 ·
487 2011 489 2015 ’

134 2113 168 2162 33
256 2089 329 2178 (10)
363 2095 445 2169 Quae
472 2098 510 2164 de
539 2098 644 2162 eodem
669 2114 781 2176 genere
808 2096 943 2175 piscandi
969 2098 1001 2156 in
1029 2097 1107 2159 losio
1135 2097 1205 2160 sinu

188 2183 373 2254 Mucianus
400 2186 491 2249 tradit
517 2185 574 2256 hoo
598 2187 753 2267 differunt,
782 2184 862 2263 qood
886 2184 964 2252 uitro
992 2202 1089 2263 neque
1113 2183 1205 2246 incla-

188 2275 260 2342 mati
281 2282 401 2352 praesto
425 2276 485 2342 sint
507 2283 667 2354 partesque
691 2292 707 2335 e
731 2273 868 2343 manibus
890 2275 1038 2352 accipiant
1061 2280 1092 2332 et
1114 2291 1206 2337 suum

110 2392 112 2397 ·
187 2380 323 2441 quaeque
347 2363 454 2429 cumba
477 2382 493 2424 e
516 2362 664 2442 delphinis
688 2363 802 2425 socium
825 2361 931 2427 haheat
954 2362 1088 2440 quamvis
1110 2369 1204 2424 noctu
1219 2372 1247 2416 2⁵

188 2458 218 2510 et
241 2450 277 2509 ad
300 2451 390 2512 faces.
435 2453 508 2530 ipsis
536 2469 655 2530 quoque
684 2453 763 2512 inter
788 2469 820 2511 se
847 2449 966 2530 publiea
993 2457 1039 2517 est
1066 2450 1205 2516 societas.

188 2544 275 2618 capto
299 2557 315 2604 a
337 2558 409 2618 rege
425 2538 527 2605 Cariae
542 2539 718 2618 alligatoque
737 2541 875 2618 inportu
894 2540 999 2618 ingens
1017 2537 1206 2616 reliquorum

80 2699 81 2704 γ
188 2629 327 2692 convenit
350 2627 509 2692 multitudo
533 2629 679 2696 maestitia
703 2627 828 2708 quadam
852 2646 927 2706 quiae
945 2635 1048 2707 posset
1070 2627 1203 2706 intellegi

187 2717 409 2780 miserationem
431 2724 546 2798 petens,
570 2717 664 2781 donec
687 2717 796 2778 dimitti
818 2735 872 2776 rex
895 2735 964 2782 eom
987 2717 1082 2779 iussit.
1129 2716 1202 2794 quin

258 2922 402 2978 3simone
420 2930 451 2978 B.
476 2924 480 2991 Ι
502 2923 532 2978 in
550 2939 597 2992 epo
616 2939 666 2977 om.
686 2923 714 2976 ll.
742 2922 779 2977 ed
797 2939 821 2977 e,
850 2922 944 2977 Ionos
961 2923 1078 2977 inseruit
1094 2921 1125 2975 in
1137 2927 1205 2990 post

187 2993 349 3064 spectaculi.
459 2994 564 3051 dilato
582 2993 653 3049 2²⁶².
683 2995 756 3048 -oum
773 3011 796 3048 r.
831 2996 836 3063 t
870 2995 965 3052 austro
983 3009 1051 3059 uero
1070 2991 1129 3049 s²o
1260 3036 1271 3052 .

185 3073 344 3192 lli⁰p⁹¹i
358 3065 1204 3208 tondehere-‘tthartaldi-'tarint

185 3209 375 3334 licerit
394 3207 443 3334 ‘t
461 3210 559 3346 illul
572 3206 1020 3348 l'ttptlltilillbllplim
1035 3207 1202 3346 1}th

185 3352 305 3419 pereant
320 3349 400 3406 ΒΨ.
486 3353 566 3410 orent
584 3349 621 3404 αἱ.
695 3353 728 3404 18
747 3367 816 3418 quos
835 3347 872 3410 μ’.
896 3352 1012 3417 equod.
1038 3365 1094 3417 quo
1111 3364 1135 3402 r.

185 3427 219 3476 22
239 3421 311 3476 Iasio
329 3422 418 3479 Borb.
459 3421 564 3478 aeiou
590 3420 660 3476 latio
676 3438 699 3474 r.
790 3425 824 3476 23
843 3420 917 3482 ultro
935 3423 960 3476 d.
983 3421 1075 3476 -iren
1131 3457 1134 3463 -
1165 3423 1201 3480 25

186 3492 287 3548 cumbe
305 3491 342 3544 2².
369 3493 471 3549 cumha
488 3497 544 3546 Dr.
566 3507 650 3546 eume,
667 3491 704 3546 ⁸².
737 3491 834 3563 cumis]
850 3496 882 3550 B,
914 3508 979 3554 cnm
996 3490 1092 3564 hep&
1125 3524 1130 3534 ·
1164 3495 1200 3544 26

185 3561 222 3616 ad
239 3561 277 3616 αἳ.
296 3577 346 3617 om.
365 3580 388 3617 r.
463 3569 496 3618 28
514 3563 609 3632 posset
627 3579 650 3616 v.
670 3563 719 3616 -sit
737 3563 764 3618 li.
