2620 3948
212 143 276 206 114
559 141 587 197 Ο.
606 139 706 195 PLINI
726 139 883 196 suenum
992 147 997 156 “

171 323 177 338 =
210 309 317 350 norum
341 290 544 374 multitudine,
574 296 608 350 ut
629 288 728 368 Magni
750 289 908 349 Alexandri
937 288 1040 350 classis
1063 289 1142 351 baud
1168 291 1226 351 alio

210 380 298 440 modo
322 397 410 457 quam
432 379 564 439 hostium
582 380 644 438 acie
664 378 749 438 obvia
772 379 956 439 contrarium
974 395 1080 457 agmen
1103 379 1227 440 adversa

210 468 308 528 lroute
332 467 484 527 direxerit.
530 466 616 527 aliter
641 464 780 545 [sparsis]
808 485 870 527 nou
898 475 962 527 erat
985 467 1119 527 evadere.
1164 487 1227 530 uon

209 574 292 637 voce,
315 573 376 615 non
390 558 499 636 sonitu,
522 573 582 615 nou
602 556 729 636 fragore,
752 555 804 615 sed
827 557 890 615 ictu
913 563 1066 616 terrentur
1089 574 1144 616 neo
1168 559 1228 620 nisi

176 657 191 704 o
210 646 296 704 ruina
319 643 488 705 turbantur.
522 642 632 704 Gadara
650 643 814 723 appellatur
830 641 926 706 Rubri
945 647 1034 704 maris
1053 645 1227 724 paeninsula
1244 655 1258 694 ⁵

211 735 326 812 ingens.
372 731 462 793 buius
489 731 609 793 obiectu
636 739 736 792 vastus
765 732 893 792 efficitur
921 735 1004 793 siuus
1031 747 1083 793 xn
1111 733 1230 794 dierum

179 893 185 902 Ι
212 829 241 882 01
274 823 408 882 noctium
440 822 564 899 remigio
597 823 768 898 enavigatus
796 819 967 882 Ptolemaeo
998 824 1075 902 regi,
1109 823 1228 900 quando
1301 783 1303 846 ⁴

212 909 322 988 nullius
346 927 434 971 aurae
459 911 566 988 recipit
588 909 728 970 afflatum.
765 909 854 969 buius
872 908 930 970 loci
949 911 1049 988 quiete
1066 913 1228 991 praecipue

211 999 247 1058 ad
270 998 442 1059 inmobilem
465 998 699 1076 magnitudinem
722 996 826 1058 beluae
850 997 1031 1058 adolescunt.
1077 997 1229 1062 Gedrusos

176 1099 191 1147 1
210 1089 262 1166 qui
276 1087 396 1147 Arabim
415 1105 532 1147 amnem
550 1085 689 1146 accolunt
710 1085 904 1146 Alexandri
922 1085 1037 1166 Magni
1056 1084 1229 1149 classium
1245 1097 1273 1135 1⁰

210 1177 388 1255 praelecti
410 1175 608 1254 prodiderunt
629 1177 660 1234 in
676 1174 813 1235 domibus
831 1175 912 1236 sores
930 1174 1056 1236 maxillis
1069 1175 1227 1238 beluarum

210 1265 318 1346 faeere,
341 1264 459 1324 ossibus
483 1271 561 1324 tecta
584 1264 767 1344 contignare,
792 1281 828 1322 ex
852 1263 961 1341 quibus
984 1265 1076 1324 multa
1100 1265 1226 1343 quadra-

210 1371 320 1430 genum
349 1351 517 1413 cubitorum
544 1351 738 1430 longitudinis
762 1360 890 1431 reperta.
936 1359 1046 1413 exeunt
1069 1361 1100 1414 et
1121 1356 1228 1433 pecori

144 1513 148 1519 θ
211 1441 322 1501 similes
349 1440 453 1501 beluae
481 1439 523 1500 ibi
550 1442 581 1500 iu
609 1448 721 1500 terram
748 1449 908 1520 pastaeque
937 1441 1053 1502 radices
1081 1443 1227 1504 fruticum

210 1536 353 1610 remeant,
377 1538 406 1589 et
429 1528 572 1607 quaedam
597 1546 756 1610 equorum,
779 1531 945 1610 asinorum,
968 1537 1123 1591 taurorum
1147 1533 1272 1612 capi-15

210 1617 290 1678 tibus
313 1635 389 1695 quae
413 1617 614 1696 depascuntur
638 1625 708 1678 sata.
736 1681 739 1686 ,

176 1717 193 1763 8
279 1700 313 1767 4.
339 1699 390 1787 (3)
413 1705 572 1766 Μ3111011111
586 1705 693 1766 animal
716 1708 748 1766 in
761 1704 863 1766 Indico
886 1708 962 1766 mari
983 1709 1087 1787 pristis
1111 1716 1142 1767 et
1164 1707 1225 1768 bal·

210 1793 294 1854 laena
317 1801 376 1875 est,
405 1795 437 1853 iu
464 1793 574 1854 Gallico
601 1812 712 1854 oceano
740 1794 880 1873 physeter
912 1797 1042 1874 ingentis
1070 1795 1226 1857 columnae

210 1882 298 1942 modo
322 1901 353 1942 se
368 1881 506 1944 attollens
521 1881 666 1962 altiorque
690 1884 809 1943 navium
827 1882 898 1943 velis
919 1883 1058 1945 diluviem
1078 1885 1226 1963 quandam

212 1979 365 2052 eructans,
388 1973 419 2031 in
443 1971 586 2032 Gaditano
610 1989 720 2032 oceano
744 1970 833 2031 arbor
860 1973 891 2031 in
915 1980 1030 2034 tantum
1053 1975 1143 2033 vastis
1167 1975 1225 2034 dis-
1242 1992 1273 2032 eo

215 2059 306 2139 pausa
329 2061 419 2120 ramis
442 2069 476 2121 ut
499 2077 535 2120 011
553 2077 587 2120 03
601 2078 690 2121 causa
704 2061 818 2121 iretnm
832 2078 993 2139 numquam
1010 2064 1138 2122 intrasse
1163 2081 1226 2122 ere·
1301 2085 1302 2132 3

214 2149 311 2210 datur.
348 2156 492 2232 apparent
511 2155 540 2209 et
562 2156 645 2209 rotae
664 2148 825 2229 appellatae
848 2167 864 2208 a
884 2149 1085 2232 similitudine,
1108 2159 1226 2230 quater·

214 2240 260 2298 nis
275 2237 431 2298 distinctae
445 2237 545 2318 radiis,
563 2236 707 2308 modiolos
723 2255 825 2298 earum
838 2237 933 2304 oeulis
944 2237 1061 2299 duobus
1076 2241 1227 2318 utrimque

212 2325 429 2387 claudentibus.

173 2427 191 2473 0
278 2408 374 2477 1.4
337 2409 374 2496 (4
375 2408 388 2496 )
412 2414 532 2474 Tiberio
546 2415 674 2493 principi
688 2416 836 2474 nuntiavit
850 2413 1104 2495 Olisiponensium
1114 2415 1226 2496 legatio
1241 2445 1272 2486 25

210 2501 248 2561 ob
268 2502 307 2594 id
329 2505 419 2563 missa
441 2504 537 2563 visum
561 2503 644 2563 audit
631 2510 754 2581 tumque
782 2505 813 2563 in
842 2503 969 2581 quodam
992 2523 1084 2584 specu
1112 2504 1227 2565 concha
1300 2521 1301 2530 ¹

176 2625 179 2632 ·
211 2573 318 2651 03110111
319 2586 366 2652 em
381 2590 535 2652 Tritonem
558 2610 616 2670 qua
639 2593 774 2652 noscitur
794 2591 895 2652 iorma.
934 2600 963 2652 01
976 2592 1139 2654 Nererdum
1153 2593 1227 2654 lalsa

210 2697 270 2739 non
294 2687 352 2760 est,
377 2682 507 2758 squamis
529 2681 617 2741 modo
640 2680 757 2759 hispido
781 2698 906 2760 corpore
931 2683 1019 2752 etiam
1042 2700 1100 2761 qua
1121 2683 1225 2743 huma-

211 2786 278 2828 nam
301 2727 428 2847 elligiem
452 2768 570 2830 babent.
607 2786 734 2848 namque
757 2769 861 2829 baec
853 2781 884 2829 m
908 2770 1013 2830 eodem
1037 2778 1167 2849 spectata
1189 2771 1224 2832 li·
1299 2833 1300 2840 χ

210 2865 276 2917 tore
300 2865 358 2938 est,
386 2859 472 2918 cuius
494 2859 649 2919 morientis
673 2858 762 2918 etiam
789 2860 943 2936 gannitum
965 2861 1082 2920 tristem
1105 2859 1225 2922 accolae
1239 2881 1268 2922 ao

209 2945 348 3008 audivere
371 2946 468 3025 longe.
505 2955 534 3007 et
557 2943 624 3006 divo
638 2947 773 3025 Angusto
791 2946 906 3026 legatus
922 2945 1031 3008 Galliae
1055 2948 1226 3028 complures

159 3036 242 3100 10111
270 3036 357 3096 litore
386 3053 528 3115 apparere
557 3036 707 3095 exanimes
735 3034 876 3096 Nereidas
904 3038 1032 3116 scripsit.
1087 3044 1227 3100 auctores

211 3124 304 3185 habeo
327 3127 359 3185 in
382 3126 515 3204 equestri
542 3123 646 3185 ordine
675 3123 866 3203 splendentes
889 3127 985 3186 visum
1008 3124 1045 3186 ab
1068 3125 1115 3187 his
1139 3125 1224 3188 Gadi·
1298 3121 1299 3140 ¹

281 3337 297 3384 3
316 3346 401 3386 00000
420 3331 580 3400 00000001·
597 3335 636 3386 eet
652 3332 784 3400 glossema
801 3333 875 3386 ooeie
893 3331 984 3386 aliter.
1055 3338 1073 3387 4
1091 3349 1149 3388 uon
1166 3332 1227 3389 ictu

210 3401 1075 3484 10111000101100001000011000001111.8100011110
1109 3405 1114 3473 Ι
1147 3402 1226 3458 atila

207 3473 270 3525 tum
288 3471 347 3524 ⁸²12.
367 3472 505 3527 flatumr.
545 3475 550 3542 1
609 3489 740 3542 raecrpue
757 3478 808 3528 11
834 3491 918 3544 -puae
935 3479 994 3529 1111,
1024 3492 1134 3545 -.Ῑ)11οι

210 3546 243 3594 17
263 3539 363 3621 pistrix
380 3543 424 3600 2².
533 3549 568 3598 at
608 3543 809 3600 ’1111010011οθ
827 3545 899 3600 Dett.
1014 3551 1049 3600 30
1068 3545 1154 3600 habeb
1170 3549 1228 3604 nd.

209 3615 242 3661 31
262 3610 458 3677 gannitumn.
487 3615 564 3668 eane
582 3630 606 3667 0.
631 3613 717 3667 canit
737 3632 760 3668 r.
833 3616 915 3670 alin
934 3616 1072 3672 Gaditano
1091 3620 1137 3671 10.
