2620 3948
323 145 408 216 nau.
427 145 519 200 Hier.
538 146 604 200 vni
623 152 727 201 10-13
747 149 873 216 (ro-13)
1059 148 1102 211 63

154 289 208 357 lt.
229 289 303 376 (12)
334 293 406 356 Mira
430 293 599 355 animalium
622 313 677 373 pro
701 314 733 355 se
757 299 865 374 cuique
888 297 1026 356 sollertia.
1057 304 1103 357 est
1121 310 1156 358 33

83 388 117 445 in
137 384 185 444 his
207 402 267 444 una
290 383 452 444 scandendi
473 385 505 442 in
523 390 635 443 tantam
656 383 842 445 altitudinem
860 384 1018 446 difficultas
1037 386 1102 446 dra-

83 475 168 554 coni,
199 475 298 551 itaque
322 474 427 532 tritum
454 473 512 532 iter
539 471 575 532 ad
598 471 704 551 pabula
732 473 901 552 speculatus
927 473 963 534 ab
987 474 1103 534 excelsa

84 581 117 622 se
142 560 255 622 arbore
282 562 375 622 inicit.
421 562 478 620 scit
505 559 554 620 ille
582 562 716 639 inparem
743 561 800 622 sibi
827 562 972 623 luctatum
999 571 1102 624 contra

57 669 192 732 snmus,
209 651 309 728 itaque
329 649 470 710 arborum
488 657 539 709 aut
552 651 673 728 rupium
691 653 825 711 attritum
844 653 969 730 quaerit.
999 659 1104 712 carent

83 740 144 800 hoc
171 739 329 820 dracones,
360 737 516 820 ‹ur-idque
546 756 668 816 gressus
694 742 825 817 primum
854 741 974 820 alligant
1002 741 1102 801 cauda.

85 827 241 888 resolvunt
268 827 310 886 illi
339 827 433 888 nodos
463 845 561 886 mauu.
614 835 644 887 at
670 827 701 886 hi
731 831 763 888 in
790 831 870 908 ipsas
899 848 987 890 nares
1015 837 1104 909 caput

85 917 234 998 condunt,
265 917 437 996 pariterque
468 917 607 993 spiritum
634 915 834 995 praecludunt
860 926 890 978 et
917 917 1104 979 mollissimas

83 1007 238 1066 lancinant
260 1012 373 1085 partes,
402 1004 492 1064 iidem
519 1004 598 1064 obvii
622 1005 800 1084 deprehensi
827 1008 858 1066 in
881 1007 1021 1066 adversos
1046 1009 1103 1067 eri-

44 1115 70 1154 ιο
85 1102 163 1174 gunt
190 1113 222 1154 se
250 1093 412 1172 oculosque
440 1095 566 1154 maxime
588 1100 704 1172 petunt.
751 1097 792 1154 ita
815 1095 849 1154 iit
870 1102 905 1154 nt
927 1093 1103 1173 plerumque

86 1185 170 1244 caeci
188 1201 222 1242 ac
240 1182 319 1244 fame·
340 1189 371 1242 et
388 1184 532 1242 maeroris
550 1180 618 1241 tabe
641 1183 771 1242 conlecti
788 1185 984 1262 reperiantur.
1015 1201 1104 1262 quam
1122 1196 1157 1244 34

86 1273 157 1351 quis
179 1271 266 1332 aliam
283 1278 382 1331 tautae
401 1271 566 1331 discordiae
590 1289 709 1331 causam
732 1271 866 1333 attulerit
888 1274 945 1332 uisi
969 1280 1104 1332 naturam

86 1360 292 1440 spectaculum
315 1358 372 1419 sihi
395 1378 429 1418 ac
452 1362 533 1439 paria
557 1367 784 1439 componentem
792 1358 814 1422 ?·

155 1447 210 1508 Est
238 1456 268 1509 et
290 1448 345 1508 alia
368 1448 564 1508 dimicationis
592 1448 681 1508 huius
704 1451 788 1510 lama.
836 1449 1000 1530 elephantis
1022 1450 1128 1527 frigi

47 1539 245 1598 molissimum
268 1531 333 1596 esse
357 1539 545 1617 sanguinem,
569 1536 606 1597 ob
630 1538 660 1598 id
684 1545 767 1599 aestu
788 1546 921 1599 torrente
944 1540 1104 1618 praecipue

87 1625 268 1688 draconibus
292 1628 399 1704 expeti.
438 1624 632 1704 quamohrem
655 1629 686 1686 in
708 1645 810 1688 amnes
833 1646 948 1688 mersos
971 1626 1105 1687 insidiari

87 1714 274 1795 bibentibus,
306 1715 488 1793 orbibusque
515 1713 635 1792 inligata
663 1733 751 1776 manu
781 1718 813 1776 in
840 1735 945 1777 aurem
971 1733 1104 1776 morsum

89 1805 233 1884 deligere,
256 1805 396 1880 quoniam
418 1805 445 1864 is
462 1809 578 1863 tantum
601 1801 685 1864 locus
703 1804 822 1864 delendi
845 1823 905 1864 nou
927 1807 1023 1884 possit
1045 1807 1107 1865 nisi

88 1911 187 1954 manu.
229 1891 373 1952 dracones
396 1910 463 1952 esse
486 1899 584 1952 tantos
607 1900 642 1952 ut
663 1899 760 1952 totum
782 1895 956 1972 sangninem
979 1895 1104 1973 capiant,

47 2001 75 2040 ro
88 1985 189 2060 itaque
219 1979 391 2061 elephantos
421 1979 457 2040 ab
486 1979 533 2041 his
563 1979 642 2040 ebibi
670 1983 854 2060 siccatosque
885 1982 1042 2042 concidere
1075 1988 1105 2040 et

89 2071 234 2130 dracones
257 2068 419 2130 inebriatos
442 2070 571 2148 opprimi
594 2071 804 2147 commorique.

159 2153 214 2220 13.
233 2152 307 2240 (13)
335 2157 535 2218 Generatcos
549 2156 703 2235 Aethiopia
722 2156 830 2216 Indicis
849 2175 945 2238 pares,
968 2159 1104 2218 vicenum
1123 2167 1171 2216 35¹

90 2247 268 2308 cubitorum.
291 2247 321 2308 id
340 2247 427 2307 modo
446 2249 565 2328 mirum,
583 2245 662 2306 unde
681 2247 819 2306 cristatos
832 2245 917 2306 Iuba
935 2245 1115 2306 crediderit„

90 2336 231 2398 Asachaei
250 2343 394 2396 vocantur
410 2335 569 2414 Aethiopes
593 2335 670 2414 apud
690 2353 764 2412 quos
787 2336 913 2395 maxime
932 2342 1105 2414 nascuntur,

50 2442 76 2483 aa
90 2432 271 2504 narrantque
295 2427 325 2484 in
349 2425 505 2484 maritimis
528 2442 633 2485 eorum
652 2430 812 2502 quaternos
836 2425 1003 2502 quinosque
1026 2425 1106 2484 inter

91 2533 123 2574 se
147 2516 274 2574 cratium
296 2514 391 2574 modo
407 2512 541 2591 inplexos
565 2515 674 2574 erectis
697 2511 843 2592 capitibus
866 2512 1046 2573 velificantes
1069 2511 1106 2573 ad

91 2603 213 2664 meliora
235 2601 342 2681 pabula
364 2600 489 2662 Arabiae
511 2602 579 2662 vehi
601 2600 750 2662 uucuhus.

92 2794 304 2805 ---·------

164 2922 178 2969 1
198 2933 248 2986 pro
267 2931 297 2969 se
316 2914 416 2982 cuique
435 2913 507 2967 1²2².
530 2912 738 2983 praecipuaque
756 2911 787 2964 ⁸²
800 2929 868 2968 corr.
892 2929 943 2982 pro
957 2927 987 2965 se
1007 2911 1106 2979 cuique

92 2987 297 3058 praecipuaque
316 2986 353 3040 di
380 2985 579 3056 praecipuique
599 2987 680 3054 (quaa
698 2985 731 3052 R)
750 3001 773 3038 r.
799 2986 804 3052 Ι
828 2985 891 3038 dist.
910 2999 965 3052 epo.
1042 2982 1107 3052 tin

93 3075 147 3128 eqo.
171 3059 204 3112 ui
222 3059 249 3112 ll.
271 3059 275 3126 t
296 3057 448 3111 scandendi
466 3056 503 3110 (1².
530 3055 716 3110 exscendendi
734 3054 771 3108 ⁸².
798 3054 956 3108 arcessendi
974 3071 997 3108 r.
1018 3056 1023 3122 Ι
1045 3055 1106 3106 tan-

30 3137 39 3151 *
92 3130 207 3199 tumo¹¹
235 3130 315 3183 tanta
332 3134 363 3182 a.
385 3130 390 3197 Ι
411 3127 560 3182 altitudine
579 3127 656 3180 s¹lt².
729 3126 925 3195 3speculatur
941 3125 986 3178 12¹.
1013 3126 1108 3178 -antur

93 3201 136 3253 2².
213 3206 353 3254 bnaxuos
371 3204 402 3252 B.
428 3202 432 3269 Ι
458 3199 586 3252 attritum
604 3197 647 3250 Ph
674 3198 724 3250 aut
742 3197 843 3250 cribum
860 3202 891 3250 lt.
920 3197 970 3250 aui
988 3196 1108 3250 erituum

93 3277 143 3326 ud.
172 3273 221 3326 aui
238 3272 355 3324 tribuum
372 3271 414 3325 1³¹.
443 3272 493 3324 aui
511 3271 651 3340 cripturam
669 3286 693 3321 a.
766 3275 782 3322 9
803 3267 912 3324 laniant
930 3266 1036 3320 ultae

95 3350 126 3398 12
149 3345 278 3398 naturam
295 3348 327 3396 B.
356 3358 415 3396 -rae
434 3360 459 3395 a.
488 3358 531 3395 ·ra
548 3359 571 3396 r.
655 3346 686 3393 13
711 3355 745 3392 ac
763 3339 839 3393 1²2⁹.
863 3355 913 3392 om.
931 3355 954 3391 r.
1038 3343 1108 3391 toa

93 3413 259 3470 draconibus
273 3417 298 3467 d.
354 3417 387 3468 1⁷
405 3413 573 3481 orbibusque
587 3427 641 3482 eqo.
665 3412 826 3478 morbusque
841 3413 923 3479 (quae
937 3409 983 3476 12¹)
997 3407 1106 3459 ΜΨ.

93 3501 255 3554 morsusque
278 3485 316 3538 αἱ.
348 3487 497 3552 motusque
519 3485 581 3538 (ΡΤ,
614 3483 809 3550 comiatosque
832 3480 914 3532 1²3².
947 3480 1107 3544 artatosqne

94 3557 165 3610 2²(st
188 3557 292 3626 -tisquc
309 3573 334 3610 c.
390 3561 424 3610 18
442 3556 498 3610 nisi
517 3555 685 3610 Pellicerius.
709 3569 759 3608 om.
779 3553 806 3606 ll.
862 3557 895 3605 22
916 3553 1106 3602 cusentin.

96 3629 239 3700 [impares
256 3628 302 3681 1².
374 3627 548 3698 engratiam
565 3627 631 3680 nat
