2610 3960
234 183 300 249 342
579 178 609 234 c.
627 177 728 238 mim
746 175 904 232 sncuum

184 340 235 391 125
245 332 283 393 ob
311 331 341 392 id
372 338 471 392 cerato
501 330 586 408 prius
615 319 755 388 inlinunt.
800 326 977 406 quibusdam
1006 335 1107 388 tamen
1136 325 1255 387 morbis

233 420 368 483 auxiliari
386 420 490 480 dicunt
508 416 616 478 medici
633 418 811 496 permixtam
829 415 997 497 aliis,'‚item
1016 416 1255 496 alopeciissug-

233 509 399 590 gillatisque
423 526 456 568 ac
479 506 648 588 liventibus,
671 524 727 567 ceu
750 522 820 565 vero
844 505 975 566 remedia
998 505 1105 586 desint,
1128 514 1164 566 ut
1188 523 1254 566 sce-

232 599 294 658 lera
312 616 391 658 novo
410 603 547 659 tractent.
584 594 636 655 sed
646 598 910 693 istapraetexunt
928 595 1016 654 noxio
1039 597 1256 676 instrumento,

234 695 408 766 tantumque
439 685 630 765 inpudentiae
660 691 707 745 est
735 690 770 744 ut
799 701 947 745 venenum
979 685 1052 745 artis
1085 701 1152 744 esse
1174 694 1281 764 *per-⁵

121 801 124 806 ·
230 776 386 858 suadeant.
422 775 538 855 thapsia
561 777 592 834 in
615 772 714 834 Africa
737 772 1004 834 vehementissima.
1037 773 1160 853 quidam
1184 791 1256 833 cau·

233 865 293 928 lem
315 863 452 926 incidunt
473 881 529 944 per
553 880 666 923 messes
690 870 720 922 et
743 863 774 922 in
796 864 860 940 ipsa
884 869 1025 923 excavant
1048 860 1162 943 radice,
1191 880 1256 941 quo

182 964 233 1013 126
243 972 335 1015 sucus
358 952 501 1033 couduat,
529 952 752 1030 arefactumque
776 949 892 1011 tollunt.
939 951 987 1011 alii
1015 950 1097 1032 lolia,
1125 947 1256 1031 c'aulem,

233 1043 363 1104 radicem
387 1041 517 1104 tundunt
545 1043 575 1100 in
599 1040 657 1119 pila
680 1048 711 1100 et
734 1038 840 1100 sucum
866 1041 898 1099 in
926 1039 987 1100 sole
1016 1047 1154 1100 coactum
1176 1039 1254 1100 divi-

212 1133 308 1194 ·dunt
330 1133 361 1192 in
383 1129 526 1212 pastillos.
572 1127 651 1189 Nero
675 1127 783 1189 Caesar
806 1127 971 1188 claritatem
998 1130 1027 1188 ei
1054 1127 1136 1189 dedit
1162 1129 1253 1188 initio
1269 1141 1299 1210 1⁰3

232 1223 349 1303 imperi,
367 1222 523 1280 nocturnis
542 1216 776 1298 grassationibus
795 1216 1007 1278 converberata
1025 1217 1100 1278 lacie
1118 1216 1254 1278 inlinens
1298 1245 1299 1302 3

232 1310 263 1371 id
286 1328 355 1371 cum
377 1317 445 1370 ture
468 1325 596 1386 ceraque
624 1314 655 1368 et
677 1314 781 1368 secuto
808 1305 856 1366 die
884 1314 987 1366 contra
1015 1307 1122 1367 lamam
1150 1313 1254 1366 cutem
1298 1307 1299 1380 l

232 1401 381 1460 sinceram
404 1397 628 1459 circumferens.
665 1398 765 1475 ignem
787 1394 891 1455 lerulis
914 1396 1024 1475 optime
1048 1397 1163 1455 servari
1185 1413 1252 1454 ccr—
1298 1385 1299 1400 ¹

232 1496 297 1549 tum
320 1495 366 1548 est
389 1505 499 1565 casque
522 1487 554 1546 in
576 1484 708 1564 Aegypto
731 1482 922 1564 praecellere.
954 1540 968 1557 ,

182 1585 231 1635 127
300 1569 357 1638 23.
377 1568 452 1660 (44)
475 1574 533 1635 Ubi
552 1583 582 1635 et
600 1575 728 1654 cappari,
747 1573 887 1634 firmioris
904 1571 977 1652 ligni
995 1573 1095 1634 frutex
1114 1573 1289 1634 seminis-1⁵

223 1683 290 1745 ¹quc
321 1673 352 1726 et
380 1663 456 1725 cibis
486 1663 609 1744 vulgati,
640 1662 724 1724 caule
755 1679 874 1743 quoque
903 1679 963 1722 una
991 1661 1170 1743 plerumque
1201 1661 1252 1722 dess

233 1760 346 1840 cerpto.
384 1751 512 1814 cavenda
532 1754 596 1813 eius
615 1769 725 1832 genera
747 1753 914 1832 peregrina,
937 1750 1084 1829 siquidem
1107 1749 1253 1811 trabium

160 1909 161 1912 ,
231 1842 389 1924 pestilens,
412 1842 546 1902 Africum
573 1842 698 1920 gingivis
721 1842 888 1922 inimicum,
919 1837 1128 1900 Marmaricam
1156 1838 1253 1900 vulvis

233 1939 263 1994 et
281 1930 419 1992 omnibus
437 1929 648 1991 inflationibus.
681 1929 809 2010 Apulum
823 1929 951 1989 vomitus
965 1929 1044 2010 lacit,
1063 1927 1254 1990 stomachum
1295 1951 1298 2024 y

233 2029 263 2082 et
281 2021 380 2081 alvum
402 2019 498 2080 solvit.
531 2019 650 2098 quidam
675 2018 704 2079 id
728 2017 910 2098 cynosbaton
932 2025 1052 2098 vocant,
1074 2017 1123 2078 alii
1147 2017 1252 2098 ophio-
1266 2029 1289 2069 2⁰

232 2109 395 2190 staphylen.

181 2207 232 2258 128
301 2191 375 2282 (45)
412 2195 581 2258 Frutectosi
610 2204 658 2257 est
686 2200 805 2276 generis
819 2219 822 2226 ¹
835 2204 865 2256 et
895 2195 1012 2275 saripha
1043 2197 1123 2256 circa
1150 2193 1251 2256 Nilum

232 2305 372 2370 nascens,
409 2285 537 2347 duorum
574 2285 668 2346 lerme
706 2283 875 2347 cubitorum
911 2284 1081 2366 altitudine,
1116 2284 1251 2364 pollicari

233 2377 439 2456 crassitudine,
458 2393 542 2435 coma
559 2377 672 2456 papyri,
695 2374 842 2453 similique
861 2373 1013 2434 manditur
1030 2373 1128 2453 modo,
1151 2373 1250 2434 radice
1297 2397 1298 2460 y

233 2465 367 2526 terrariis
385 2464 514 2525 officinis
532 2465 692 2543 praecipua
711 2463 849 2524 carbonis
872 2481 929 2524 usu
953 2471 1078 2542 propter
1100 2462 1250 2524 duritiam.
1262 2471 1284 2512 ²⁵

180 2561 231 2612 129
300 2547 360 2616 24.
384 2545 458 2636 (46)
482 2551 548 2612 Non
568 2553 766 2613 omittendum
784 2561 831 2613 est
854 2561 884 2613 et
907 2551 987 2632 quod
1005 2551 1155 2631 Babylone
1180 2553 1250 2612 seri·

304 2821 321 2871 2
340 2815 409 2869 item
422 2817 457 2868 Ι.
486 2812 555 2867 item
568 2813 598 2866 in
611 2829 656 2868 ro.
672 2816 678 2879 1
694 2811 829 2882 alopeciis
842 2828 867 2867 o.
895 2812 947 2867 -cis
960 2810 1066 2882 10³2).
1094 2811 1250 2882 aliopesces

235 2891 260 2942 d.
290 2886 393 3010 -χίἱεοθε
412 2902 490 3009 em
506 2890 568 3009 teat
571 2890 589 2938 4
611 2885 718 2939 scelera
735 2881 847 3008 titilloit
859 2885 964 3009 sppsspit
981 2883 1251 3008 (cesslr‘debaltemnb

349 2971 423 3010 nova
491 2971 555 3010 cn
588 2971 643 3012 eo.
679 2971 737 3010 non
771 2972 797 3007 r·
851 2972 867 3008 r
902 2971 963 3008 ar.
1000 2971 1091 3009 con·
1169 2972 1210 3009 .a

186 3044 189 3054 ¹
236 3025 328 3081 Hard.
352 3028 357 3095 Ι
380 3026 524 3084 seditio.
544 2971 632 3082 anab.
705 3031 756 3081 aa
775 3025 964 3096 persuadeant
980 3042 1025 3080 ro.
1052 3023 1251 3080 transcurrit

307 3102 340 3152 10
358 3097 388 3151 in
406 3097 478 3152 uitio
496 3103 532 3152 tt.
615 3097 696 3152 mid
713 3097 787 3152 lull.
818 3097 858 3152 sic
876 3114 899 3152 r.
928 3095 982 3151 sibi
999 3113 1024 3150 o.
1104 3100 1137 3150 15
1156 3095 1207 3150 ubi
1225 3097 1252 3148 el

233 3167 310 3223 111¹.
337 3168 386 3224 ubi
399 3168 429 3222 id
445 3169 489 3225 11¹.
509 3185 559 3224 oen.
575 3169 613 3226 (1¹.
640 3169 677 3225 ob
695 3168 725 3222 id
743 3168 780 3223 d'.
809 3168 849 3223 ibi
866 3167 896 3221 id
915 3169 956 3236 (et
967 3167 993 3238 o)
1013 3183 1057 3221 ao.
1074 3169 1078 3232 1
1095 3167 1251 3238 cappari!

233 3239 292 3294 edd,
302 3245 364 3295 cett.
383 3241 433 3307 cfr.
449 3239 657 3310 Fclaiusp.12.
686 3239 735 3294 ·ris
748 3239 877 3294 mmcd.
888 3238 963 3294 Vere.
992 3239 1123 3308 cappuris
1137 3237 1176 3294 ι’.

235 3317 268 3367 16
283 3310 352 3365 cibis
365 3316 400 3368 1.
426 3311 467 3365 -bi
480 3328 524 3365 ro.
585 3318 617 3366 19
637 3309 766 3366 omnibus
780 3315 816 3364 m.
840 3309 910 3364 -ium
922 3326 968 3364 ro.
1026 3315 1060 3364 20
1075 3309 1163 3364 soluit
1175 3310 1249 3364 led.

235 3381 292 3436 θεῖ.
320 3381 390 3437 fecit
402 3399 426 3437 r.
454 3384 550 3436 movet
563 3383 623 3437 cdd.
634 3387 698 3436 octe
708 3381 765 3436 Gal.
776 3380 869 3436 Horti.
941 3385 985 3435 20.
995 3385 1028 3435 21
1049 3379 1249 3450 ophioataphy·
1296 3419 1297 3428 a

234 3452 281 3506 len
298 3454 339 3508 ed.
355 3452 431 3507 Vero.
459 3451 559 3522 ophios
574 3455 611 3506 st
624 3457 660 3506 1.
689 3451 819 3522 opbeosl
833 3469 858 3506 o.
887 3451 966 3521 opios
980 3453 1056 3505 stt
1085 3451 1158 3522 opiis
1173 3451 1249 3518 (ofios
1296 3431 1297 3466 ¹

232 3522 278 3589 N)
298 3522 462 3593 sthaphilen
478 3529 509 3576 ll.
537 3539 607 3593 opus
626 3525 682 3578 sta·
700 3542 725 3576 a.
798 3529 831 3576 22
852 3522 908 3578 sari
927 3523 966 3577 hs
983 3523 1087 3591 min
1100 3523 1161 3577 ind.
1177 3523 1248 3590 libra)

234 3594 364 3649 cddvett.
393 3593 445 3648 -ifa
457 3599 510 3648 lla.
538 3593 624 3648 -sami
636 3597 672 3650 1.
700 3593 757 3648 sari
769 3594 857 3650 Barb.
871 3611 886 3649 e
901 3541 1034 3664 Pheopbr.
1045 3594 1073 3648 lt.
1083 3594 1125 3664 pl.
1136 3595 1186 3644 IV
1190 3599 1216 3660 8,
1226 3597 1249 3648 5.

307 3670 343 3719 24
360 3665 453 3735 papiri
470 3664 513 3717 12².
541 3665 642 3734 papari
659 3664 739 3718 ΒΨ.
767 3666 857 3720 -aueri
874 3665 911 3721 ι’.
