2624 3954
344 121 428 176 NAT.
447 121 541 178 Hier.
559 121 599 176 xl
617 127 722 177 ea-ee
744 123 872 192 (ee-er)
1052 119 1119 186 263

101 271 231 352 pudore,
253 273 311 351 na,
333 279 430 352 meur,
452 270 574 351 palloris
596 270 733 352 pluribus
755 272 864 353 modis,
891 274 963 333 item
986 270 1119 334 ruboris:

101 360 177 422 alius
200 361 279 421 enim
302 362 364 422 bae
387 367 441 442 est,
464 359 539 420 alius
561 359 766 421 verecundiae.
812 379 880 423 nam
902 363 933 421 in
955 368 1039 423 metu
1062 368 1171 422 ra-uut

27 502 33 512 .
102 450 206 529 lugere
228 457 258 510 et
280 467 428 528 nusquam
451 467 517 509 esse
545 455 662 510 certum
689 457 735 510 est
738 449 935 530 ‚meritisque
963 469 1023 511 non
1051 468 1118 545 pro·

102 538 196 599 liuere
215 535 397 619 transfossis,
420 538 499 617 qued
518 537 630 598 bomini
648 546 765 599 tentum
787 539 894 600 evenit.
930 557 999 599 nam
1021 557 1096 619 quae
1109 535 1127 620 i
1135 534 1172 610 θ’

75 635 219 688 emutare
239 627 367 688 diximus
386 626 517 688 colorem
540 626 669 690 alienum
692 629 843 708 accipiunt
865 625 993 706 quodem
1016 647 1118 709 reper-

102 734 208 797 cussu,
235 715 323 777 bomo
348 715 460 776 solus
449 733 483 776 m
511 733 543 776 se
572 723 675 778 mutet
720 715 818 777 morbi
845 735 949 777 omnes
976 727 1118 798 inersque

103 806 279 884 sanguinem
301 804 470 868 absumunt.

146 889 228 956 ¹39.
257 887 332 976 (92)
366 893 443 956 Sunt
465 895 518 974 qui
544 893 739 974 suptilitatem
769 895 860 955 animi
883 902 1019 955 constare
1048 900 1170 956 non226

100 985 245 1044 tenuitate
268 983 421 1063 sauguinis
446 990 566 1063 putent,
594 983 646 1044 sed
675 990 744 1045 cute
772 981 1025 1062 operimentisque
1053 1001 1117 1044 cor·

57 1087 87 1129 ro
100 1089 208 1152 porum
221 1073 315 1151 magis
328 1080 381 1133 eut
398 1073 497 1134 minus
511 1070 600 1133 bruta
619 1089 695 1153 esse,
712 1082 746 1134 ut
765 1080 880 1133 ostreas
898 1080 929 1133 et
942 1071 1118 1135 testudines.

100 1160 194 1221 boum
214 1168 310 1242 terge,
333 1169 429 1222 saetas
453 1179 547 1222 suum»
565 1160 683 1222 obstare
706 1161 846 1224 tenuitati
865 1163 1036 1222 immeantis
1059 1163 1117 1242 spi·

101 1251 187 1331 ritus,
209 1267 264 1310 nee
286 1269 397 1329 purum
415 1249 620 1330 liquidumque
644 1251 778 1311 tramitti.
815 1250 857 1310 sie
882 1257 912 1310 et
934 1251 965 1310 in
988 1249 1117 1330 bomine,

101 1341 170 1398 eudr
188 1340 317 1400 crassior
336 1338 508 1400 callosiorve
528 1338 665 1400 excludet
683 1342 770 1420 cutis,
794 1357 850 1400 cen
873 1337 944 1400 ve'ro
967 1356 1027 1400 non
1051 1356 1116 1399 oro-

101 1426 206 1488 codilis
229 1430 259 1488 et
281 1427 392 1489 duritia
413 1430 541 1507 tergoris
563 1427 714 1489 tribuatur
737 1437 768 1489 et
790 1427 929 1488 sollertia.

59 1530 87 1571 1⁵
168 1509 242 1597 (93)
261 1515 469 1596 Hippopotami
487 1519 570 1578 eodo
589 1517 756 1578 crassitudo
769 1517 836 1578 talis
855 1523 889 1577 ut
902 1516 971 1577 inde
986 1521 1169 1577 tornentur

101 1613 151 1664 tur
173 1604 287 1686 bastae,
319 1613 351 1666 et
377 1613 478 1666 minen
500 1606 643 1686 quaedam
665 1608 785 1686 ingenio
809 1605 935 1682 medica¹
955 1603 1116 1684 diligentie.

101 1692 326 1772 elephantorum
345 1713 463 1775 queque
482 1703 601 1776 tergora
619 1694 851 1774 inpenetrabiles
870 1702 970 1756 cetrae
986 1693 1169 1775 omenque

101 1799 169 1843 eum
198 1790 298 1844 temen
328 1785 462 1845 omnium
491 1785 708 1864 quadripedum
738 1783 886 1863 suptilitas
915 1785 1004 1844 animi
1031 1801 1116 1862 pree·

99 1873 186 1951 cipue
199 1871 397 1951 perhibentur
409 1872 475 1934 illis.
503 1891 575 1952 ergo
595 1875 672 1933 eutis
690 1874 754 1951 ipsa
773 1891 863 1933 sensu
882 1879 972 1953 earet,
990 1873 1116 1932 maxime

57 1976 86 2018 so
99 1962 131 2022 iu
149 1964 253 2040 capite.
294 1961 474 2040 subitumque
493 1978 549 2040 per
572 1979 604 2021 se
627 1978 666 2022 ec·
685 1962 749 2021 sine
773 1977 862 2025 carue
886 1968 940 2040 est,
962 1959 1117 2020 vulnerata

100 2067 160 2109 non
183 2051 257 2129 coit,
278 2057 313 2110 ut
335 2052 367 2111 in
389 2049 483 2110 bucca
507 2049 643 2127 cilioque.

167 2131 242 2219 (94)
266 2136 348 2208 Quae
372 2135 479 2198 animal
496 2139 617 2217 pariunt
634 2135 711 2216 pilos
729 2134 852 2216 babent,
875 2153 951 2215 quae
970 2154 1025 2196 ova
1042 2137 1106 2215 pin·
1117 2141 1169 2190 228

101 2243 155 2286 nas
182 2235 233 2287 aut
260 2243 398 2304 squamas
425 2233 477 2286 aut
503 2227 646 2286 corticem
673 2232 707 2286 ut
730 2223 910 2305 testudines,
937 2231 989 2284 aut
1016 2232 1116 2285 eutem

101 2333 209 2393 puram
225 2322 261 2376 ut
279 2322 444 2393 serpentes.
470 2317 630 2395 pinnarum
644 2313 748 2378 caules
771 2315 906 2373 omnium
928 2315 998 2373 cavi.
1031 2329 1115 2393 prae·

58 2405 178 2464 recisae
197 2421 258 2464 non
276 2411 430 2486 crescunt,
448 2403 566 2464 evulsae
586 2409 793 2464 renaseuntur.
820 2399 1000 2465 membranis
1017 2401 1116 2462 volant

101 2491 255 2572 fragilibus
282 2494 409 2575 insecta,
441 2491 611 2554 umentibus
640 2491 816 2553 hirundines
846 2493 877 2552 in
907 2493 998 2573 mari‚'
1027 2491 1115 2552 siccis

174 2761 187 2809 1
206 2752 325 2824 pelleris
342 2752 526 2809 ssedVere.
551 2767 607 2806 ·res
620 2757 652 2806 Β.
676 2752 764 2806 ·ribns
780 2752 963 2806 beaddeett.
1037 2755 1053 2804 a
1072 2752 1116 2805 est

99 2825 175 2880 Detl.
197 2827 363 2880 etlnede.
392 2829 487 2880 omli.
541 2830 577 2878 ‘3
595 2839 734 2891 nusquam
747 2838 808 2878 esse
822 2824 880 2877 lte.
899 2839 938 2877 en
955 2823 1115 2877 excidam

100 2896 204 2950 seimus
221 2896 276 2950 nisi
297 2895 450 2963 intestinis,
478 2895 528 2950 sed
546 2897 576 2949 et
592 2893 794 2950 dormientibus
817 2894 868 2948 sub
891 2896 955 2948 cute
977 2893 1114 2948 minorem

100 2966 182 3022 esse?
207 2967 258 3034 cfr.
277 2967 365 3022 Arist.
383 2967 409 3021 a.
428 2985 455 3022 a.
474 2969 614 3034 [irrep.
625 2967 835 3035 521A,15eqq.
861 2967 1015 3033 leonem
1029 2981 1054 3018 ι
1082 2964 1115 3018 a'n

98 3039 135 3092 1³¹
152 3055 208 3094 res.
281 3038 489 3108 3.4preduere
506 3043 542 3091 1.
564 3035 646 3107 prefl-
664 3042 696 3091 Β.
717 3037 827 3091 transd-
845 3041 890 3090 de.
912 3035 1113 3091 nanctaereu

99 3110 208 3180 fugere
221 3127 246 3167 ι.
319 3113 605 3180 o.ttrepercnssusd
633 3123 765 3178 percurro
778 3113 809 3163 Β.
884 3113 917 3160 10
935 3108 998 3161 tute
1011 3112 1042 3162 Β

101 3188 133 3236 13
153 3197 205 3237 ceu
222 3180 347 3235 Wltd
372 3181 459 3236 caut
483 3179 801 3249 queeneddontetiel
875 3183 907 3233 17
917 3177 1113 3233 cetrasdedd

100 3251 157 3307 Gal.
190 3254 299 3308 caetras
317 3253 387 3309 1⁸¹
416 3199 538 3307 accegae
556 3250 620 3305 12⁸¹.
649 3251 793 3323 cerffltnm
810 3254 842 3303 Β.
916 3256 949 3304 19
967 3247 1113 3318 perbiben-

98 3326 182 3380 bnre.
211 3323 350 3379 NJbetusB
378 3322 472 3378 -betur
489 3327 543 3379 Ιν.
634 3327 677 3379 23
692 3327 727 3376 24
746 3323 838 3376 cutem
857 3337 956 3392 puram
974 3323 1042 3373 ede.
1070 3334 1114 3371 -re

99 3401 129 3450 u
160 3411 315 3465 purpuram
333 3396 476 3450 cntemlt
509 3393 597 3448 Arist.
615 3393 641 3448 le
661 3392 987 3476 a.1117·p.,508A11
1007 3389 1115 3444 dubie

100 3466 167 3521 locis
183 3466 278 3521 multis
296 3467 456 3534 φολιδωτὸν
474 3465 557 3520 dicit:
574 3465 639 3519 inde
656 3464 803 3519 walecorn
818 3461 989 3516 fieriurosem
1007 3461 1114 3514 cunm:

99 3537 151 3604 cfr.
169 3539 231 3590 XII
239 3541 297 3593 125
315 3541 341 3592 ei
364 3539 421 3588 XX
433 3536 501 3592 224.
524 3537 601 3588 XXI
609 3539 676 3592 126
699 3536 792 3586 XXII
800 3537 844 3588 64
871 3533 980 3585 XXIII
988 3535 1033 3586 55
1051 3533 1113 3584 144.

103 3610 210 3660 XXIV
215 3611 259 3663 31
278 3611 343 3663 185.
362 3612 418 3663 187
432 3609 468 3662 al.
541 3611 577 3664 24
594 3606 659 3662 cem
675 3609 728 3659 ne.
756 3609 888 3660 ceueslt.
917 3599 1054 3656 euiume
