<?xml version="1.0" encoding="UTF-8"?>
<!DOCTYPE html PUBLIC "-//W3C//DTD XHTML 1.0 Transitional//EN"
    "http://www.w3.org/TR/xhtml1/DTD/xhtml1-transitional.dtd">
<html xmlns="http://www.w3.org/1999/xhtml" xml:lang="en" lang="en">
 <head>
  <title>
</title>
<meta http-equiv="Content-Type" content="text/html;charset=utf-8" />
  <meta name='ocr-system' content='tesseract 3.04.00' />
  <meta name='ocr-capabilities' content='ocr_page ocr_carea ocr_par ocr_line ocrx_word'/>
</head>
<body>
  <div class='ocr_page' id='page_1' title='image "./cplinisecundina02mayhgoog_0466.png"; bbox 0 0 2612 3962; ppageno 0'>
   <div class='ocr_carea' id='block_1_1' title="bbox 351 169 1115 250">
    <p class='ocr_par' dir='ltr' id='par_1_1' title="bbox 351 169 1115 250">
     <span class='ocr_line' id='line_1_1' title="bbox 351 169 1115 250; baseline 0.016 -17"><span class='ocrx_word' id='word_1_1' title='bbox 351 169 451 234; x_wconf 70' lang='lat' dir='ltr'><strong>&#39;Nau</strong></span> <span class='ocrx_word' id='word_1_2' title='bbox 471 175 573 234; x_wconf 62' lang='lat' dir='ltr'><strong>nisu:</strong></span> <span class='ocrx_word' id='word_1_3' title='bbox 583 179 635 234; x_wconf 84' lang='lat' dir='ltr'><strong>XV</strong></span> <span class='ocrx_word' id='word_1_4' title='bbox 646 185 688 234; x_wconf 80' lang='lat'><strong>-30</strong></span> <span class='ocrx_word' id='word_1_5' title='bbox 708 181 834 250; x_wconf 73' lang='lat' dir='ltr'><strong>(ao-40)</strong></span> <span class='ocrx_word' id='word_1_6' title='bbox 1034 181 1115 244; x_wconf 73' lang='grc'><strong>’421</strong></span> 
     </span>
    </p>
   </div>
   <div class='ocr_carea' id='block_1_2' title="bbox 7 328 1175 1280">
    <p class='ocr_par' dir='ltr' id='par_1_2' title="bbox 96 328 1118 411">
     <span class='ocr_line' id='line_1_2' title="bbox 96 328 1118 411; baseline 0 -19"><span class='ocrx_word' id='word_1_7' title='bbox 96 329 432 392; x_wconf 80' lang='lat' dir='ltr'><strong>lauriferamtellurem</strong></span> <span class='ocrx_word' id='word_1_8' title='bbox 455 329 534 389; x_wconf 90' lang='lat' dir='ltr'><strong>illam</strong></span> <span class='ocrx_word' id='word_1_9' title='bbox 558 328 708 390; x_wconf 80' lang='lat' dir='ltr'><strong>oscidatus</strong></span> <span class='ocrx_word' id='word_1_10' title='bbox 737 346 773 389; x_wconf 87' lang='lat' dir='ltr'><strong>ex</strong></span> <span class='ocrx_word' id='word_1_11' title='bbox 803 347 962 411; x_wconf 91' lang='lat' dir='ltr'><strong>responso,</strong></span> <span class='ocrx_word' id='word_1_12' title='bbox 990 338 1020 391; x_wconf 91' lang='lat' dir='ltr'><strong>et</strong></span> <span class='ocrx_word' id='word_1_13' title='bbox 1035 334 1118 410; x_wconf 87' lang='lat' dir='ltr'><strong>quia</strong></span> 
     </span>
    </p>

    <p class='ocr_par' dir='ltr' id='par_1_3' title="bbox 7 417 1175 1304">
     <span class='ocr_line' id='line_1_3' title="bbox 98 417 1118 497; baseline -0.001 -16"><span class='ocrx_word' id='word_1_14' title='bbox 98 439 190 481; x_wconf 91' lang='lat' dir='ltr'><strong>manu</strong></span> <span class='ocrx_word' id='word_1_15' title='bbox 214 427 345 480; x_wconf 87' lang='lat' dir='ltr'><strong>satarum</strong></span> <span class='ocrx_word' id='word_1_16' title='bbox 368 426 615 497; x_wconf 79' lang='lat' dir='ltr'><strong>receptarumque</strong></span> <span class='ocrx_word' id='word_1_17' title='bbox 644 419 675 477; x_wconf 91' lang='lat' dir='ltr'><strong>in</strong></span> <span class='ocrx_word' id='word_1_18' title='bbox 698 417 803 477; x_wconf 89' lang='lat' dir='ltr'><strong>domos</strong></span> <span class='ocrx_word' id='word_1_19' title='bbox 826 417 949 478; x_wconf 83' lang='lat' dir='ltr'>fulmine</span> <span class='ocrx_word' id='word_1_20' title='bbox 973 419 1034 480; x_wconf 91' lang='lat' dir='ltr'><strong>sola</strong></span> <span class='ocrx_word' id='word_1_21' title='bbox 1056 439 1118 480; x_wconf 89' lang='lat' dir='ltr'><strong>non</strong></span> 
     </span>
     <span class='ocr_line' id='line_1_4' title="bbox 7 505 1175 585; baseline -0.003 -15"><span class='ocrx_word' id='word_1_22' title='bbox 7 537 8 540; x_wconf 39' lang='lat'>¹</span> <span class='ocrx_word' id='word_1_23' title='bbox 97 511 196 570; x_wconf 89' lang='lat' dir='ltr'><strong>icitur.</strong></span> <span class='ocrx_word' id='word_1_24' title='bbox 245 507 283 569; x_wconf 89' lang='lat' dir='ltr'><strong>ob</strong></span> <span class='ocrx_word' id='word_1_25' title='bbox 309 507 364 568; x_wconf 90' lang='lat' dir='ltr'><strong>has</strong></span> <span class='ocrx_word' id='word_1_26' title='bbox 394 525 506 568; x_wconf 85' lang='lat' dir='ltr'><strong>causae.</strong></span> <span class='ocrx_word' id='word_1_27' title='bbox 528 505 667 585; x_wconf 81' lang='lat' dir='ltr'><strong>equidem</strong></span> <span class='ocrx_word' id='word_1_28' title='bbox 698 506 876 566; x_wconf 79' lang='lat' dir='ltr'><strong>crediderim</strong></span> <span class='ocrx_word' id='word_1_29' title='bbox 905 507 1050 568; x_wconf 87' lang='lat' dir='ltr'><strong>honorem</strong></span> <span class='ocrx_word' id='word_1_30' title='bbox 1080 511 1109 570; x_wconf 88' lang='lat' dir='ltr'><strong>ei</strong></span> <span class='ocrx_word' id='word_1_31' title='bbox 1121 517 1175 566; x_wconf 79' lang='lat'><strong>135-</strong></span> 
     </span>
     <span class='ocr_line' id='line_1_5' title="bbox 7 596 1120 684; baseline 0 -26"><span class='ocrx_word' id='word_1_32' title='bbox 7 625 9 684; x_wconf 43' lang='grc'><strong>1</strong></span> <span class='ocrx_word' id='word_1_33' title='bbox 97 598 233 658; x_wconf 86' lang='lat' dir='ltr'><strong>habiturn</strong></span> <span class='ocrx_word' id='word_1_34' title='bbox 260 599 292 658; x_wconf 92' lang='lat' dir='ltr'><strong>in</strong></span> <span class='ocrx_word' id='word_1_35' title='bbox 319 596 479 676; x_wconf 86' lang='lat' dir='ltr'><strong>triumphis</strong></span> <span class='ocrx_word' id='word_1_36' title='bbox 506 597 606 675; x_wconf 88' lang='lat' dir='ltr'><strong>potius</strong></span> <span class='ocrx_word' id='word_1_37' title='bbox 634 613 723 674; x_wconf 90' lang='lat' dir='ltr'><strong>quam</strong></span> <span class='ocrx_word' id='word_1_38' title='bbox 751 597 820 674; x_wconf 91' lang='lat' dir='ltr'><strong>quia</strong></span> <span class='ocrx_word' id='word_1_39' title='bbox 848 596 1052 658; x_wconf 87' lang='lat' dir='ltr'><strong>suffimentum</strong></span> <span class='ocrx_word' id='word_1_40' title='bbox 1080 600 1120 658; x_wconf 87' lang='lat' dir='ltr'><strong>sit</strong></span> 
     </span>
     <span class='ocr_line' id='line_1_6' title="bbox 70 683 1118 765; baseline 0.005 -22.716"><span class='ocrx_word' id='word_1_41' title='bbox 70 686 198 748; x_wconf 76' lang='lat' dir='ltr'><strong>secedis</strong></span> <span class='ocrx_word' id='word_1_42' title='bbox 221 685 354 746; x_wconf 89' lang='lat' dir='ltr'><strong>hostium</strong></span> <span class='ocrx_word' id='word_1_43' title='bbox 377 692 407 745; x_wconf 91' lang='lat' dir='ltr'><strong>et</strong></span> <span class='ocrx_word' id='word_1_44' title='bbox 429 686 576 765; x_wconf 78' lang='lat' dir='ltr'><strong>purgatio,</strong></span> <span class='ocrx_word' id='word_1_45' title='bbox 599 692 634 745; x_wconf 87' lang='lat' dir='ltr'><strong>ut</strong></span> <span class='ocrx_word' id='word_1_46' title='bbox 656 685 747 745; x_wconf 88' lang='lat' dir='ltr'><strong>tradit</strong></span> <span class='ocrx_word' id='word_1_47' title='bbox 764 683 953 746; x_wconf 88' lang='lat' dir='ltr'><strong>Masurius.</strong></span> <span class='ocrx_word' id='word_1_48' title='bbox 985 686 1118 765; x_wconf 89' lang='lat' dir='ltr'><strong>adeoque</strong></span> 
     </span>
     <span class='ocr_line' id='line_1_7' title="bbox 7 765 1117 856; baseline 0 -20"><span class='ocrx_word' id='word_1_49' title='bbox 7 765 9 808; x_wconf 37' lang='grc' dir='ltr'><em>ἶ</em></span> <span class='ocrx_word' id='word_1_50' title='bbox 97 778 128 836; x_wconf 95' lang='lat' dir='ltr'><strong>in</strong></span> <span class='ocrx_word' id='word_1_51' title='bbox 156 775 290 854; x_wconf 83' lang='lat' dir='ltr'><strong>profanis</strong></span> <span class='ocrx_word' id='word_1_52' title='bbox 317 773 423 835; x_wconf 88' lang='lat' dir='ltr'><strong>usibus</strong></span> <span class='ocrx_word' id='word_1_53' title='bbox 451 773 545 853; x_wconf 93' lang='lat' dir='ltr'><strong>pollui</strong></span> <span class='ocrx_word' id='word_1_54' title='bbox 573 772 690 833; x_wconf 91' lang='lat' dir='ltr'><strong>laurum</strong></span> <span class='ocrx_word' id='word_1_55' title='bbox 718 780 748 833; x_wconf 91' lang='lat' dir='ltr'><strong>et</strong></span> <span class='ocrx_word' id='word_1_56' title='bbox 775 773 870 833; x_wconf 89' lang='lat' dir='ltr'><strong>oleam</strong></span> <span class='ocrx_word' id='word_1_57' title='bbox 898 775 942 834; x_wconf 92' lang='lat' dir='ltr'><strong>fas</strong></span> <span class='ocrx_word' id='word_1_58' title='bbox 971 793 1030 836; x_wconf 91' lang='lat' dir='ltr'><strong>non</strong></span> <span class='ocrx_word' id='word_1_59' title='bbox 1062 783 1117 856; x_wconf 87' lang='lat' dir='ltr'><strong>est,</strong></span> 
     </span>
     <span class='ocr_line' id='line_1_8' title="bbox 7 861 1117 943; baseline -0.004 -15"><span class='ocrx_word' id='word_1_60' title='bbox 7 873 9 928; x_wconf 63' lang='lat' dir='ltr'><strong>t</strong></span> <span class='ocrx_word' id='word_1_61' title='bbox 95 869 132 924; x_wconf 88' lang='lat' dir='ltr'><strong>ut</strong></span> <span class='ocrx_word' id='word_1_62' title='bbox 150 883 188 924; x_wconf 86' lang='lat' dir='ltr'><strong>ne</strong></span> <span class='ocrx_word' id='word_1_63' title='bbox 202 863 398 943; x_wconf 85' lang='lat' dir='ltr'><strong>propitiandis</strong></span> <span class='ocrx_word' id='word_1_64' title='bbox 418 862 540 941; x_wconf 89' lang='lat' dir='ltr'><strong>quidem</strong></span> <span class='ocrx_word' id='word_1_65' title='bbox 558 861 731 922; x_wconf 90' lang='lat' dir='ltr'><strong>numinibus</strong></span> <span class='ocrx_word' id='word_1_66' title='bbox 751 861 873 923; x_wconf 89' lang='lat' dir='ltr'><strong>accendi</strong></span> <span class='ocrx_word' id='word_1_67' title='bbox 892 881 928 922; x_wconf 86' lang='lat' dir='ltr'><strong>ex</strong></span> <span class='ocrx_word' id='word_1_68' title='bbox 947 863 995 924; x_wconf 90' lang='lat' dir='ltr'><strong>his</strong></span> <span class='ocrx_word' id='word_1_69' title='bbox 1014 863 1117 924; x_wconf 86' lang='lat' dir='ltr'><strong>altaria</strong></span> 
     </span>
     <span class='ocr_line' id='line_1_9' title="bbox 7 950 1119 1031; baseline 0.002 -21"><span class='ocrx_word' id='word_1_70' title='bbox 7 977 8 1010; x_wconf 76' lang='lat' dir='ltr'><strong>t</strong></span> <span class='ocrx_word' id='word_1_71' title='bbox 97 971 202 1014; x_wconf 88' lang='lat' dir='ltr'><strong>araeve</strong></span> <span class='ocrx_word' id='word_1_72' title='bbox 230 950 366 1012; x_wconf 90' lang='lat' dir='ltr'><strong>debeant.</strong></span> <span class='ocrx_word' id='word_1_73' title='bbox 416 951 520 1012; x_wconf 89' lang='lat' dir='ltr'><strong>laurus</strong></span> <span class='ocrx_word' id='word_1_74' title='bbox 548 951 668 1030; x_wconf 91' lang='lat' dir='ltr'><strong>quidem</strong></span> <span class='ocrx_word' id='word_1_75' title='bbox 695 950 852 1011; x_wconf 86' lang='lat' dir='ltr'><strong>manifesto</strong></span> <span class='ocrx_word' id='word_1_76' title='bbox 885 950 1003 1012; x_wconf 89' lang='lat' dir='ltr'><strong>abdicat</strong></span> <span class='ocrx_word' id='word_1_77' title='bbox 1034 955 1119 1031; x_wconf 88' lang='lat' dir='ltr'><strong>ignes</strong></span> 
     </span>
     <span class='ocr_line' id='line_1_10' title="bbox 7 1037 1119 1121; baseline -0.001 -19"><span class='ocrx_word' id='word_1_78' title='bbox 7 1037 8 1102; x_wconf 82' lang='lat' dir='ltr'>j</span> <span class='ocrx_word' id='word_1_79' title='bbox 97 1043 214 1120; x_wconf 86' lang='lat' dir='ltr'><strong>crepitu</strong></span> <span class='ocrx_word' id='word_1_80' title='bbox 239 1049 270 1101; x_wconf 87' lang='lat' dir='ltr'><strong>et</strong></span> <span class='ocrx_word' id='word_1_81' title='bbox 293 1040 421 1120; x_wconf 85' lang='lat' dir='ltr'><strong>quadarn</strong></span> <span class='ocrx_word' id='word_1_82' title='bbox 444 1042 657 1121; x_wconf 85' lang='lat' dir='ltr'><strong>detestatione,</strong></span> <span class='ocrx_word' id='word_1_83' title='bbox 679 1042 904 1100; x_wconf 87' lang='lat' dir='ltr'><strong>interaneorum</strong></span> <span class='ocrx_word' id='word_1_84' title='bbox 932 1041 1022 1102; x_wconf 88' lang='lat' dir='ltr'><strong>etiam</strong></span> <span class='ocrx_word' id='word_1_85' title='bbox 1050 1043 1119 1101; x_wconf 90' lang='lat' dir='ltr'><strong>vitia</strong></span> 
     </span>
     <span class='ocr_line' id='line_1_11' title="bbox 7 1127 1120 1211; baseline -0.004 -17"><span class='ocrx_word' id='word_1_86' title='bbox 7 1149 8 1194; x_wconf 75' lang='lat'>1</span> <span class='ocrx_word' id='word_1_87' title='bbox 56 1138 129 1191; x_wconf 80' lang='lat' dir='ltr'><strong>roei</strong></span> <span class='ocrx_word' id='word_1_88' title='bbox 153 1148 314 1211; x_wconf 87' lang='lat' dir='ltr'><strong>nervorum</strong></span> <span class='ocrx_word' id='word_1_89' title='bbox 332 1129 412 1209; x_wconf 90' lang='lat' dir='ltr'><strong>ligno</strong></span> <span class='ocrx_word' id='word_1_90' title='bbox 431 1136 601 1208; x_wconf 90' lang='lat' dir='ltr'><strong>torquente.</strong></span> <span class='ocrx_word' id='word_1_91' title='bbox 639 1127 794 1188; x_wconf 86' lang='lat' dir='ltr'><strong>Tiberium</strong></span> <span class='ocrx_word' id='word_1_92' title='bbox 811 1130 979 1208; x_wconf 86' lang='lat' dir='ltr'><strong>principem</strong></span> <span class='ocrx_word' id='word_1_93' title='bbox 997 1137 1120 1191; x_wconf 90' lang='lat' dir='ltr'><strong>tonante</strong></span> 
     </span>
     <span class='ocr_line' id='line_1_12' title="bbox 99 1217 1119 1280; baseline 0.001 -1.917"><span class='ocrx_word' id='word_1_94' title='bbox 99 1219 182 1279; x_wconf 94' lang='lat' dir='ltr'><strong>caelo</strong></span> <span class='ocrx_word' id='word_1_95' title='bbox 206 1221 344 1279; x_wconf 91' lang='lat' dir='ltr'><strong>coronari</strong></span> <span class='ocrx_word' id='word_1_96' title='bbox 367 1237 402 1278; x_wconf 94' lang='lat' dir='ltr'><strong>ea</strong></span> <span class='ocrx_word' id='word_1_97' title='bbox 425 1218 546 1278; x_wconf 90' lang='lat' dir='ltr'><strong>solitum</strong></span> <span class='ocrx_word' id='word_1_98' title='bbox 569 1218 671 1277; x_wconf 91' lang='lat' dir='ltr'><strong>ferunt</strong></span> <span class='ocrx_word' id='word_1_99' title='bbox 694 1224 799 1277; x_wconf 88' lang='lat' dir='ltr'><strong>eontra</strong></span> <span class='ocrx_word' id='word_1_100' title='bbox 826 1217 985 1278; x_wconf 81' lang='lat' dir='ltr'><strong>fulminum</strong></span> <span class='ocrx_word' id='word_1_101' title='bbox 1012 1227 1119 1280; x_wconf 90' lang='lat' dir='ltr'><strong>metus.</strong></span> 
     </span>
    </p>
   </div>
   <div class='ocr_carea' id='block_1_3' title="bbox 7 1306 1174 1420">
    <p class='ocr_par' dir='ltr' id='par_1_4' title="bbox 7 1306 1174 1420">
     <span class='ocr_line' id='line_1_13' title="bbox 7 1306 1174 1420; baseline 0 -54"><span class='ocrx_word' id='word_1_102' title='bbox 7 1381 8 1420; x_wconf 63' lang='lat'><strong>,</strong></span> <span class='ocrx_word' id='word_1_103' title='bbox 168 1306 246 1368; x_wconf 91' lang='lat' dir='ltr'><strong>Sunt</strong></span> <span class='ocrx_word' id='word_1_104' title='bbox 269 1315 299 1368; x_wconf 87' lang='lat' dir='ltr'><strong>et</strong></span> <span class='ocrx_word' id='word_1_105' title='bbox 322 1310 402 1368; x_wconf 88' lang='lat' dir='ltr'><strong>circa</strong></span> <span class='ocrx_word' id='word_1_106' title='bbox 421 1308 522 1368; x_wconf 89' lang='lat' dir='ltr'><strong>divum</strong></span> <span class='ocrx_word' id='word_1_107' title='bbox 541 1306 707 1384; x_wconf 76' lang='lat' dir='ltr'><strong>Augustum</strong></span> <span class='ocrx_word' id='word_1_108' title='bbox 733 1312 837 1366; x_wconf 89' lang='lat' dir='ltr'><strong>eventa</strong></span> <span class='ocrx_word' id='word_1_109' title='bbox 860 1308 926 1367; x_wconf 87' lang='lat' dir='ltr'><strong>eius</strong></span> <span class='ocrx_word' id='word_1_110' title='bbox 944 1306 1031 1386; x_wconf 90' lang='lat' dir='ltr'><strong>digna</strong></span> <span class='ocrx_word' id='word_1_111' title='bbox 1050 1326 1111 1368; x_wconf 90' lang='lat' dir='ltr'><strong>me·</strong></span> <span class='ocrx_word' id='word_1_112' title='bbox 1123 1317 1174 1366; x_wconf 84' lang='lat'><strong>136</strong></span> 
     </span>
    </p>
   </div>
   <div class='ocr_carea' id='block_1_4' title="bbox 7 1394 1124 1934">
    <p class='ocr_par' dir='ltr' id='par_1_5' title="bbox 7 1394 1124 1934">
     <span class='ocr_line' id='line_1_14' title="bbox 7 1394 1122 1476; baseline 0 -20"><span class='ocrx_word' id='word_1_113' title='bbox 7 1423 8 1446; x_wconf 63' lang='grc' dir='ltr'>ι</span> <span class='ocrx_word' id='word_1_114' title='bbox 99 1403 227 1457; x_wconf 87' lang='lat' dir='ltr'><strong>moratu.</strong></span> <span class='ocrx_word' id='word_1_115' title='bbox 273 1413 401 1476; x_wconf 90' lang='lat' dir='ltr'><strong>namque</strong></span> <span class='ocrx_word' id='word_1_116' title='bbox 425 1395 523 1456; x_wconf 84' lang='lat' dir='ltr'><strong>Liviae</strong></span> <span class='ocrx_word' id='word_1_117' title='bbox 547 1394 707 1476; x_wconf 84' lang='lat' dir='ltr'><strong>Drusillae,</strong></span> <span class='ocrx_word' id='word_1_118' title='bbox 735 1413 810 1474; x_wconf 89' lang='lat' dir='ltr'><strong>quae</strong></span> <span class='ocrx_word' id='word_1_119' title='bbox 833 1403 937 1474; x_wconf 90' lang='lat' dir='ltr'><strong>postea</strong></span> <span class='ocrx_word' id='word_1_120' title='bbox 959 1395 1122 1474; x_wconf 79' lang='lat' dir='ltr'><strong>Augustam</strong></span> 
     </span>
     <span class='ocr_line' id='line_1_15' title="bbox 7 1449 1123 1566; baseline -0.001 -21"><span class='ocrx_word' id='word_1_121' title='bbox 7 1449 9 1500; x_wconf 84' lang='lat' dir='ltr'><strong>l</strong></span> <span class='ocrx_word' id='word_1_122' title='bbox 100 1487 283 1545; x_wconf 89' lang='lat' dir='ltr'><strong>matrimonii</strong></span> <span class='ocrx_word' id='word_1_123' title='bbox 310 1503 420 1546; x_wconf 89' lang='lat' dir='ltr'><strong>nornen</strong></span> <span class='ocrx_word' id='word_1_124' title='bbox 449 1486 576 1566; x_wconf 88' lang='lat' dir='ltr'><strong>accepit,</strong></span> <span class='ocrx_word' id='word_1_125' title='bbox 607 1502 675 1544; x_wconf 92' lang='lat' dir='ltr'><strong>cum</strong></span> <span class='ocrx_word' id='word_1_126' title='bbox 702 1491 789 1564; x_wconf 86' lang='lat' dir='ltr'><strong>pacta</strong></span> <span class='ocrx_word' id='word_1_127' title='bbox 816 1491 895 1544; x_wconf 88' lang='lat' dir='ltr'><strong>esset</strong></span> <span class='ocrx_word' id='word_1_128' title='bbox 922 1483 971 1544; x_wconf 90' lang='lat' dir='ltr'><strong>illa</strong></span> <span class='ocrx_word' id='word_1_129' title='bbox 994 1484 1123 1566; x_wconf 77' lang='lat' dir='ltr'><strong>Caesari,</strong></span> 
     </span>
     <span class='ocr_line' id='line_1_16' title="bbox 7 1549 1124 1654; baseline 0.003 -23"><span class='ocrx_word' id='word_1_130' title='bbox 7 1549 9 1620; x_wconf 76' lang='lat' dir='ltr'><strong>l</strong></span> <span class='ocrx_word' id='word_1_131' title='bbox 56 1591 84 1633; x_wconf 80' lang='lat' dir='ltr'><strong>m</strong></span> <span class='ocrx_word' id='word_1_132' title='bbox 100 1573 238 1654; x_wconf 82' lang='lat' dir='ltr'><strong>gallinam</strong></span> <span class='ocrx_word' id='word_1_133' title='bbox 261 1576 416 1653; x_wconf 89' lang='lat' dir='ltr'><strong>conspicui</strong></span> <span class='ocrx_word' id='word_1_134' title='bbox 439 1573 577 1634; x_wconf 89' lang='lat' dir='ltr'><strong>candoris</strong></span> <span class='ocrx_word' id='word_1_135' title='bbox 601 1573 720 1632; x_wconf 90' lang='lat' dir='ltr'><strong>sedenti</strong></span> <span class='ocrx_word' id='word_1_136' title='bbox 744 1572 840 1651; x_wconf 89' lang='lat' dir='ltr'><strong>aquila</strong></span> <span class='ocrx_word' id='word_1_137' title='bbox 865 1591 900 1633; x_wconf 85' lang='lat' dir='ltr'><strong>ex</strong></span> <span class='ocrx_word' id='word_1_138' title='bbox 928 1573 986 1633; x_wconf 87' lang='lat' dir='ltr'><strong>alto</strong></span> <span class='ocrx_word' id='word_1_139' title='bbox 1015 1573 1124 1634; x_wconf 88' lang='lat' dir='ltr'><strong>abiecit</strong></span> 
     </span>
     <span class='ocr_line' id='line_1_17' title="bbox 7 1621 1123 1743; baseline -0.002 -19"><span class='ocrx_word' id='word_1_140' title='bbox 7 1621 9 1716; x_wconf 71' lang='lat' dir='ltr'><strong>l</strong></span> <span class='ocrx_word' id='word_1_141' title='bbox 96 1667 129 1724; x_wconf 93' lang='lat' dir='ltr'><strong>in</strong></span> <span class='ocrx_word' id='word_1_142' title='bbox 152 1680 303 1743; x_wconf 69' lang='lat' dir='ltr'><strong>grempum</strong></span> <span class='ocrx_word' id='word_1_143' title='bbox 325 1657 481 1743; x_wconf 86' lang='lat' dir='ltr'><strong>inlaesam,</strong></span> <span class='ocrx_word' id='word_1_144' title='bbox 504 1662 713 1740; x_wconf 90' lang='lat' dir='ltr'><strong>intrepideque</strong></span> <span class='ocrx_word' id='word_1_145' title='bbox 737 1663 857 1722; x_wconf 89' lang='lat' dir='ltr'><strong>miranti</strong></span> <span class='ocrx_word' id='word_1_146' title='bbox 881 1664 1008 1723; x_wconf 88' lang='lat' dir='ltr'><strong>accessit</strong></span> <span class='ocrx_word' id='word_1_147' title='bbox 1035 1665 1123 1723; x_wconf 91' lang='lat' dir='ltr'><strong>mira-</strong></span> 
     </span>
     <span class='ocr_line' id='line_1_18' title="bbox 7 1741 1124 1833; baseline 0.005 -27"><span class='ocrx_word' id='word_1_148' title='bbox 7 1741 9 1806; x_wconf 83' lang='lat' dir='ltr'><strong>l</strong></span> <span class='ocrx_word' id='word_1_149' title='bbox 100 1751 210 1832; x_wconf 91' lang='lat' dir='ltr'><strong>culum,</strong></span> <span class='ocrx_word' id='word_1_150' title='bbox 246 1754 386 1833; x_wconf 89' lang='lat' dir='ltr'><strong>quoniam</strong></span> <span class='ocrx_word' id='word_1_151' title='bbox 403 1759 556 1812; x_wconf 87' lang='lat' dir='ltr'><strong>tenentem</strong></span> <span class='ocrx_word' id='word_1_152' title='bbox 578 1757 677 1811; x_wconf 90' lang='lat' dir='ltr'><strong>rostro</strong></span> <span class='ocrx_word' id='word_1_153' title='bbox 695 1751 831 1811; x_wconf 89' lang='lat' dir='ltr'><strong>laureum</strong></span> <span class='ocrx_word' id='word_1_154' title='bbox 848 1769 965 1812; x_wconf 90' lang='lat' dir='ltr'><strong>ramum</strong></span> <span class='ocrx_word' id='word_1_155' title='bbox 982 1756 1124 1813; x_wconf 82' lang='lat' dir='ltr'><strong>onustum</strong></span> 
     </span>
     <span class='ocr_line' id='line_1_19' title="bbox 7 1809 1122 1934; baseline -0.002 -33"><span class='ocrx_word' id='word_1_156' title='bbox 7 1809 11 1934; x_wconf 60' lang='lat' dir='ltr'><strong>l</strong></span> <span class='ocrx_word' id='word_1_157' title='bbox 99 1841 162 1902; x_wconf 90' lang='lat' dir='ltr'><strong>suis</strong></span> <span class='ocrx_word' id='word_1_158' title='bbox 184 1840 266 1901; x_wconf 90' lang='lat' dir='ltr'><strong>bacis</strong></span> <span class='ocrx_word' id='word_1_159' title='bbox 291 1841 463 1901; x_wconf 89' lang='lat' dir='ltr'><strong>conservari</strong></span> <span class='ocrx_word' id='word_1_160' title='bbox 487 1839 587 1900; x_wconf 88' lang='lat' dir='ltr'><strong>alitem</strong></span> <span class='ocrx_word' id='word_1_161' title='bbox 611 1847 641 1899; x_wconf 95' lang='lat' dir='ltr'><strong>et</strong></span> <span class='ocrx_word' id='word_1_162' title='bbox 660 1839 795 1901; x_wconf 77' lang='lat' dir='ltr'><strong>sarholem</strong></span> <span class='ocrx_word' id='word_1_163' title='bbox 813 1841 929 1900; x_wconf 88' lang='lat' dir='ltr'><strong>iussere</strong></span> <span class='ocrx_word' id='word_1_164' title='bbox 947 1839 1122 1919; x_wconf 89' lang='lat' dir='ltr'><strong>haruspices</strong></span> 
     </span>
    </p>
   </div>
   <div class='ocr_carea' id='block_1_5' title="bbox 7 1927 1198 2809">
    <p class='ocr_par' dir='ltr' id='par_1_6' title="bbox 7 1927 1175 2006">
     <span class='ocr_line' id='line_1_20' title="bbox 98 1927 1175 2006; baseline -0.003 -16.312"><span class='ocrx_word' id='word_1_165' title='bbox 98 1946 275 2006; x_wconf 89' lang='lat' dir='ltr'><strong>ramumque</strong></span> <span class='ocrx_word' id='word_1_166' title='bbox 300 1947 369 1989; x_wconf 91' lang='lat' dir='ltr'><strong>eum</strong></span> <span class='ocrx_word' id='word_1_167' title='bbox 393 1931 453 1990; x_wconf 90' lang='lat' dir='ltr'><strong>seri</strong></span> <span class='ocrx_word' id='word_1_168' title='bbox 477 1947 510 1988; x_wconf 87' lang='lat' dir='ltr'><strong>ae</strong></span> <span class='ocrx_word' id='word_1_169' title='bbox 533 1931 590 1988; x_wconf 88' lang='lat' dir='ltr'><strong>rite</strong></span> <span class='ocrx_word' id='word_1_170' title='bbox 619 1928 772 1988; x_wconf 91' lang='lat' dir='ltr'><strong>custodiri.</strong></span> <span class='ocrx_word' id='word_1_171' title='bbox 818 1927 898 2006; x_wconf 92' lang='lat' dir='ltr'><strong>quod</strong></span> <span class='ocrx_word' id='word_1_172' title='bbox 926 1928 1038 1989; x_wconf 87' lang='lat' dir='ltr'><strong>factam</strong></span> <span class='ocrx_word' id='word_1_173' title='bbox 1067 1935 1113 1989; x_wconf 92' lang='lat' dir='ltr'><strong>est</strong></span> <span class='ocrx_word' id='word_1_174' title='bbox 1124 1938 1175 1987; x_wconf 77' lang='lat'><strong>137</strong></span> 
     </span>
    </p>

    <p class='ocr_par' dir='ltr' id='par_1_7' title="bbox 7 2011 1198 2120">
     <span class='ocr_line' id='line_1_21' title="bbox 7 2011 1198 2120; baseline -0.004 -45"><span class='ocrx_word' id='word_1_175' title='bbox 7 2015 9 2094; x_wconf 81' lang='lat' dir='ltr'><strong>l</strong></span> <span class='ocrx_word' id='word_1_176' title='bbox 55 2035 86 2077; x_wconf 78' lang='lat' dir='ltr'><strong>so</strong></span> <span class='ocrx_word' id='word_1_177' title='bbox 100 2020 133 2077; x_wconf 95' lang='lat' dir='ltr'><strong>in</strong></span> <span class='ocrx_word' id='word_1_178' title='bbox 156 2017 224 2076; x_wconf 91' lang='lat' dir='ltr'><strong>villa</strong></span> <span class='ocrx_word' id='word_1_179' title='bbox 247 2016 407 2120; x_wconf 63' lang='lat' dir='ltr'><strong>caeparum</strong></span> <span class='ocrx_word' id='word_1_180' title='bbox 428 2017 519 2078; x_wconf 81' lang='lat' dir='ltr'><strong>fluvio</strong></span> <span class='ocrx_word' id='word_1_181' title='bbox 538 2011 640 2077; x_wconf 86' lang='lat' dir='ltr'><strong>Tiberi</strong></span> <span class='ocrx_word' id='word_1_182' title='bbox 662 2018 791 2096; x_wconf 90' lang='lat' dir='ltr'><strong>inposita</strong></span> <span class='ocrx_word' id='word_1_183' title='bbox 809 2018 891 2076; x_wconf 87' lang='lat' dir='ltr'><strong>iuxta</strong></span> <span class='ocrx_word' id='word_1_184' title='bbox 915 2035 1027 2077; x_wconf 92' lang='lat' dir='ltr'><strong>nonum</strong></span> <span class='ocrx_word' id='word_1_185' title='bbox 1050 2016 1122 2096; x_wconf 92' lang='lat' dir='ltr'><strong>lapi·</strong></span> <span class='ocrx_word' id='word_1_186' title='bbox 1197 2067 1198 2070; x_wconf 74' lang='grc'>,</span> 
     </span>
    </p>

    <p class='ocr_par' dir='ltr' id='par_1_8' title="bbox 7 2103 1196 2274">
     <span class='ocr_line' id='line_1_22' title="bbox 7 2103 1122 2188; baseline -0.004 -18"><span class='ocrx_word' id='word_1_187' title='bbox 7 2167 8 2170; x_wconf 74' lang='grc'>,</span> <span class='ocrx_word' id='word_1_188' title='bbox 101 2105 170 2166; x_wconf 89' lang='lat' dir='ltr'><strong>dem</strong></span> <span class='ocrx_word' id='word_1_189' title='bbox 189 2103 350 2166; x_wconf 81' lang='lat' dir='ltr'><strong>Flaminiae</strong></span> <span class='ocrx_word' id='word_1_190' title='bbox 368 2108 444 2188; x_wconf 86' lang='lat' dir='ltr'><strong>viae,</strong></span> <span class='ocrx_word' id='word_1_191' title='bbox 464 2125 540 2185; x_wconf 87' lang='lat' dir='ltr'><strong>quae</strong></span> <span class='ocrx_word' id='word_1_192' title='bbox 561 2104 599 2165; x_wconf 91' lang='lat' dir='ltr'><strong>ob</strong></span> <span class='ocrx_word' id='word_1_193' title='bbox 617 2105 648 2165; x_wconf 95' lang='lat' dir='ltr'><strong>id</strong></span> <span class='ocrx_word' id='word_1_194' title='bbox 671 2113 794 2166; x_wconf 89' lang='lat' dir='ltr'><strong>vocatur</strong></span> <span class='ocrx_word' id='word_1_195' title='bbox 812 2105 856 2164; x_wconf 82' lang='lat' dir='ltr'><strong>ad</strong></span> <span class='ocrx_word' id='word_1_196' title='bbox 880 2105 1010 2186; x_wconf 85' lang='lat' dir='ltr'><strong>gallinas,</strong></span> <span class='ocrx_word' id='word_1_197' title='bbox 1034 2108 1122 2166; x_wconf 89' lang='lat' dir='ltr'><strong>mire-</strong></span> 
     </span>
     <span class='ocr_line' id='line_1_23' title="bbox 103 2193 1196 2274; baseline 0 -20"><span class='ocrx_word' id='word_1_198' title='bbox 103 2213 162 2274; x_wconf 89' lang='lat' dir='ltr'><strong>que</strong></span> <span class='ocrx_word' id='word_1_199' title='bbox 181 2195 254 2254; x_wconf 89' lang='lat' dir='ltr'><strong>silva</strong></span> <span class='ocrx_word' id='word_1_200' title='bbox 271 2197 417 2274; x_wconf 87' lang='lat' dir='ltr'><strong>provenit.</strong></span> <span class='ocrx_word' id='word_1_201' title='bbox 447 2213 483 2256; x_wconf 82' lang='lat' dir='ltr'><strong>ex</strong></span> <span class='ocrx_word' id='word_1_202' title='bbox 502 2213 535 2255; x_wconf 89' lang='lat' dir='ltr'><strong>ea</strong></span> <span class='ocrx_word' id='word_1_203' title='bbox 555 2194 741 2274; x_wconf 88' lang='lat' dir='ltr'><strong>triumphans</strong></span> <span class='ocrx_word' id='word_1_204' title='bbox 760 2201 863 2273; x_wconf 87' lang='lat' dir='ltr'><strong>postea</strong></span> <span class='ocrx_word' id='word_1_205' title='bbox 879 2193 987 2254; x_wconf 87' lang='lat' dir='ltr'><strong>Caesar</strong></span> <span class='ocrx_word' id='word_1_206' title='bbox 1005 2193 1123 2255; x_wconf 90' lang='lat' dir='ltr'><strong>laurum</strong></span> <span class='ocrx_word' id='word_1_207' title='bbox 1149 2228 1151 2232; x_wconf 93' lang='lat'><em>-</em></span> <span class='ocrx_word' id='word_1_208' title='bbox 1195 2197 1196 2207; x_wconf 76' lang='grc'>’</span> 
     </span>
    </p>

    <p class='ocr_par' dir='ltr' id='par_1_9' title="bbox 7 2282 1123 2363">
     <span class='ocr_line' id='line_1_24' title="bbox 7 2282 1123 2363; baseline -0.002 -19"><span class='ocrx_word' id='word_1_209' title='bbox 7 2343 9 2350; x_wconf 78' lang='grc'><strong>,</strong></span> <span class='ocrx_word' id='word_1_210' title='bbox 101 2286 133 2344; x_wconf 94' lang='lat' dir='ltr'><strong>in</strong></span> <span class='ocrx_word' id='word_1_211' title='bbox 161 2301 250 2344; x_wconf 88' lang='lat' dir='ltr'><strong>manu</strong></span> <span class='ocrx_word' id='word_1_212' title='bbox 275 2287 372 2345; x_wconf 87' lang='lat' dir='ltr'><strong>tenuit</strong></span> <span class='ocrx_word' id='word_1_213' title='bbox 400 2302 600 2362; x_wconf 89' lang='lat' dir='ltr'><strong>coronamque</strong></span> <span class='ocrx_word' id='word_1_214' title='bbox 630 2285 725 2362; x_wconf 89' lang='lat' dir='ltr'><strong>capite</strong></span> <span class='ocrx_word' id='word_1_215' title='bbox 749 2284 849 2363; x_wconf 87' lang='lat' dir='ltr'><strong>gessit,</strong></span> <span class='ocrx_word' id='word_1_216' title='bbox 881 2301 915 2342; x_wconf 93' lang='lat' dir='ltr'><strong>ac</strong></span> <span class='ocrx_word' id='word_1_217' title='bbox 939 2282 1046 2344; x_wconf 90' lang='lat' dir='ltr'><strong>deinde</strong></span> <span class='ocrx_word' id='word_1_218' title='bbox 1069 2286 1123 2343; x_wconf 91' lang='lat' dir='ltr'><strong>im-</strong></span> 
     </span>
    </p>

    <p class='ocr_par' dir='ltr' id='par_1_10' title="bbox 7 2365 1123 2452">
     <span class='ocr_line' id='line_1_25' title="bbox 7 2365 1123 2452; baseline 0.001 -22"><span class='ocrx_word' id='word_1_219' title='bbox 7 2391 9 2430; x_wconf 69' lang='lat'><em>3</em></span> <span class='ocrx_word' id='word_1_220' title='bbox 101 2379 257 2452; x_wconf 90' lang='lat' dir='ltr'><strong>peratores</strong></span> <span class='ocrx_word' id='word_1_221' title='bbox 291 2365 442 2434; x_wconf 79' lang='lat' dir='ltr'><strong>Caesares</strong></span> <span class='ocrx_word' id='word_1_222' title='bbox 466 2375 576 2433; x_wconf 87' lang='lat' dir='ltr'><strong>cuncti.</strong></span> <span class='ocrx_word' id='word_1_223' title='bbox 626 2372 814 2450; x_wconf 88' lang='lat' dir='ltr'><strong>traditusque</strong></span> <span class='ocrx_word' id='word_1_224' title='bbox 846 2389 911 2431; x_wconf 89' lang='lat' dir='ltr'><strong>mos</strong></span> <span class='ocrx_word' id='word_1_225' title='bbox 944 2379 991 2432; x_wconf 91' lang='lat' dir='ltr'><strong>est</strong></span> <span class='ocrx_word' id='word_1_226' title='bbox 1023 2390 1123 2432; x_wconf 88' lang='lat' dir='ltr'><strong>ramos</strong></span> 
     </span>
    </p>

    <p class='ocr_par' dir='ltr' id='par_1_11' title="bbox 7 2447 1124 2543">
     <span class='ocr_line' id='line_1_26' title="bbox 7 2447 1124 2543; baseline 0.004 -27"><span class='ocrx_word' id='word_1_227' title='bbox 7 2447 8 2516; x_wconf 76' lang='grc' dir='ltr'>Ϊ</span> <span class='ocrx_word' id='word_1_228' title='bbox 59 2477 180 2540; x_wconf 76' lang='lat' dir='ltr'><strong>aequos</strong></span> <span class='ocrx_word' id='word_1_229' title='bbox 202 2469 366 2522; x_wconf 88' lang='lat' dir='ltr'><strong>tenuerunt</strong></span> <span class='ocrx_word' id='word_1_230' title='bbox 390 2461 523 2543; x_wconf 88' lang='lat' dir='ltr'><strong>serendi,</strong></span> <span class='ocrx_word' id='word_1_231' title='bbox 551 2469 581 2521; x_wconf 90' lang='lat' dir='ltr'><strong>et</strong></span> <span class='ocrx_word' id='word_1_232' title='bbox 608 2461 717 2521; x_wconf 91' lang='lat' dir='ltr'><strong>durant</strong></span> <span class='ocrx_word' id='word_1_233' title='bbox 745 2459 834 2520; x_wconf 89' lang='lat' dir='ltr'><strong>silvae</strong></span> <span class='ocrx_word' id='word_1_234' title='bbox 862 2459 1033 2520; x_wconf 87' lang='lat' dir='ltr'><strong>nominibus</strong></span> <span class='ocrx_word' id='word_1_235' title='bbox 1061 2463 1124 2520; x_wconf 89' lang='lat' dir='ltr'><strong>suis</strong></span> 
     </span>
    </p>

    <p class='ocr_par' dir='ltr' id='par_1_12' title="bbox 7 2548 1177 2632">
     <span class='ocr_line' id='line_1_27' title="bbox 7 2548 1177 2632; baseline -0.004 -22"><span class='ocrx_word' id='word_1_236' title='bbox 7 2553 9 2594; x_wconf 56' lang='grc' dir='ltr'>ἕ</span> <span class='ocrx_word' id='word_1_237' title='bbox 104 2550 266 2632; x_wconf 85' lang='lat' dir='ltr'><strong>discretae,</strong></span> <span class='ocrx_word' id='word_1_238' title='bbox 298 2552 435 2611; x_wconf 83' lang='lat' dir='ltr'><strong>fortassis</strong></span> <span class='ocrx_word' id='word_1_239' title='bbox 467 2550 535 2610; x_wconf 87' lang='lat' dir='ltr'><strong>ideo</strong></span> <span class='ocrx_word' id='word_1_240' title='bbox 567 2551 690 2610; x_wconf 89' lang='lat' dir='ltr'><strong>mutatis</strong></span> <span class='ocrx_word' id='word_1_241' title='bbox 726 2548 965 2628; x_wconf 90' lang='lat' dir='ltr'><strong>triumphalibus.</strong></span> <span class='ocrx_word' id='word_1_242' title='bbox 1025 2551 1114 2609; x_wconf 91' lang='lat' dir='ltr'><strong>unius</strong></span> <span class='ocrx_word' id='word_1_243' title='bbox 1125 2557 1177 2606; x_wconf 84' lang='lat'><strong>138</strong></span> 
     </span>
    </p>

    <p class='ocr_par' dir='ltr' id='par_1_13' title="bbox 7 2637 1125 2719">
     <span class='ocr_line' id='line_1_28' title="bbox 7 2637 1125 2719; baseline 0 -21"><span class='ocrx_word' id='word_1_244' title='bbox 7 2647 9 2666; x_wconf 83' lang='grc'>’</span> <span class='ocrx_word' id='word_1_245' title='bbox 103 2637 249 2699; x_wconf 88' lang='lat' dir='ltr'><strong>arborum·</strong></span> <span class='ocrx_word' id='word_1_246' title='bbox 268 2638 373 2700; x_wconf 90' lang='lat' dir='ltr'><strong>Latina</strong></span> <span class='ocrx_word' id='word_1_247' title='bbox 395 2638 496 2719; x_wconf 90' lang='lat' dir='ltr'><strong>lingua</strong></span> <span class='ocrx_word' id='word_1_248' title='bbox 520 2657 629 2700; x_wconf 91' lang='lat' dir='ltr'><strong>nomen</strong></span> <span class='ocrx_word' id='word_1_249' title='bbox 651 2639 805 2717; x_wconf 88' lang='lat' dir='ltr'><strong>inponitur</strong></span> <span class='ocrx_word' id='word_1_250' title='bbox 828 2639 914 2719; x_wconf 85' lang='lat' dir='ltr'><strong>viris,</strong></span> <span class='ocrx_word' id='word_1_251' title='bbox 942 2640 1031 2698; x_wconf 91' lang='lat' dir='ltr'><strong>unius</strong></span> <span class='ocrx_word' id='word_1_252' title='bbox 1055 2637 1125 2698; x_wconf 88' lang='lat' dir='ltr'><strong>folia</strong></span> 
     </span>
    </p>

    <p class='ocr_par' dir='ltr' id='par_1_14' title="bbox 7 2721 1125 2809">
     <span class='ocr_line' id='line_1_29' title="bbox 7 2721 1125 2809; baseline -0.001 -22"><span class='ocrx_word' id='word_1_253' title='bbox 7 2725 8 2730; x_wconf 72' lang='grc'>’</span> <span class='ocrx_word' id='word_1_254' title='bbox 104 2721 308 2806; x_wconf 88' lang='lat' dir='ltr'><strong>distinguntur</strong></span> <span class='ocrx_word' id='word_1_255' title='bbox 336 2727 545 2809; x_wconf 88' lang='lat' dir='ltr'><strong>appellatione,</strong></span> <span class='ocrx_word' id='word_1_256' title='bbox 571 2727 702 2788; x_wconf 88' lang='lat' dir='ltr'><strong>lauream</strong></span> <span class='ocrx_word' id='word_1_257' title='bbox 731 2726 814 2786; x_wconf 81' lang='lat' dir='ltr'><strong>enim</strong></span> <span class='ocrx_word' id='word_1_258' title='bbox 838 2745 986 2788; x_wconf 81' lang='lat' dir='ltr'><strong>vocamus.</strong></span> <span class='ocrx_word' id='word_1_259' title='bbox 1037 2726 1125 2787; x_wconf 91' lang='lat' dir='ltr'><strong>durat</strong></span> 
     </span>
    </p>
   </div>
   <div class='ocr_carea' id='block_1_6' title="bbox 100 2949 1238 3733">
    <p class='ocr_par' dir='ltr' id='par_1_15' title="bbox 100 2949 1126 3377">
     <span class='ocr_line' id='line_1_30' title="bbox 175 2949 1052 3020; baseline -0.003 -14"><span class='ocrx_word' id='word_1_260' title='bbox 175 2958 296 3006; x_wconf 62' lang='lat' dir='ltr'><strong>amana</strong></span> <span class='ocrx_word' id='word_1_261' title='bbox 311 2954 435 3007; x_wconf 81' lang='lat' dir='ltr'><strong>salarum</strong></span> <span class='ocrx_word' id='word_1_262' title='bbox 452 2968 478 3006; x_wconf 87' lang='lat' dir='ltr'><strong>o.</strong></span> <span class='ocrx_word' id='word_1_263' title='bbox 506 2970 556 3006; x_wconf 88' lang='lat' dir='ltr'><strong>-nu</strong></span> <span class='ocrx_word' id='word_1_264' title='bbox 574 2953 712 3006; x_wconf 76' lang='lat' dir='ltr'><strong>saltarum</strong></span> <span class='ocrx_word' id='word_1_265' title='bbox 730 2949 773 3004; x_wconf 59' lang='lat' dir='ltr'><strong>Ill.</strong></span> <span class='ocrx_word' id='word_1_266' title='bbox 802 2968 865 3004; x_wconf 85' lang='lat' dir='ltr'><strong>-uus</strong></span> <span class='ocrx_word' id='word_1_267' title='bbox 880 2951 1011 3020; x_wconf 75' lang='lat' dir='ltr'><strong>etgarum</strong></span> <span class='ocrx_word' id='word_1_268' title='bbox 1028 2968 1052 3004; x_wconf 84' lang='lat' dir='ltr'><strong>r.</strong></span> 
     </span>
     <span class='ocr_line' id='line_1_31' title="bbox 100 3020 1052 3092; baseline -0.001 -15"><span class='ocrx_word' id='word_1_269' title='bbox 100 3029 118 3077; x_wconf 82' lang='lat'>3</span> <span class='ocrx_word' id='word_1_270' title='bbox 138 3021 224 3076; x_wconf 79' lang='lat' dir='ltr'><strong>icitur</strong></span> <span class='ocrx_word' id='word_1_271' title='bbox 241 3040 265 3077; x_wconf 88' lang='lat' dir='ltr'><strong>o.</strong></span> <span class='ocrx_word' id='word_1_272' title='bbox 292 3024 394 3079; x_wconf 83' lang='lat' dir='ltr'><strong>iacitur</strong></span> <span class='ocrx_word' id='word_1_273' title='bbox 412 3025 440 3078; x_wconf 80' lang='lat' dir='ltr'><strong>tl.</strong></span> <span class='ocrx_word' id='word_1_274' title='bbox 461 3025 465 3092; x_wconf 86' lang='grc' dir='ltr'>Ι</span> <span class='ocrx_word' id='word_1_275' title='bbox 486 3023 513 3077; x_wconf 92' lang='lat' dir='ltr'><strong>ei</strong></span> <span class='ocrx_word' id='word_1_276' title='bbox 530 3023 596 3078; x_wconf 77' lang='lat' dir='ltr'><strong>aad.</strong></span> <span class='ocrx_word' id='word_1_277' title='bbox 608 3022 665 3077; x_wconf 76' lang='lat' dir='ltr'><strong>aet.</strong></span> <span class='ocrx_word' id='word_1_278' title='bbox 694 3024 764 3076; x_wconf 86' lang='lat' dir='ltr'><strong>etr.</strong></span> <span class='ocrx_word' id='word_1_279' title='bbox 792 3020 832 3075; x_wconf 86' lang='lat' dir='ltr'><strong>eis</strong></span> <span class='ocrx_word' id='word_1_280' title='bbox 851 3021 1052 3078; x_wconf 64' lang='lat' dir='ltr'><strong>cadatcadat.</strong></span> 
     </span>
     <span class='ocr_line' id='line_1_32' title="bbox 101 3091 1124 3162; baseline -0.001 -14"><span class='ocrx_word' id='word_1_281' title='bbox 101 3095 276 3149; x_wconf 70' lang='lat' dir='ltr'><strong>dmaanrius</strong></span> <span class='ocrx_word' id='word_1_282' title='bbox 295 3095 408 3150; x_wconf 77' lang='lat' dir='ltr'><strong>dHord.</strong></span> <span class='ocrx_word' id='word_1_283' title='bbox 436 3102 523 3148; x_wconf 85' lang='lat' dir='ltr'><strong>mas&#39;s·</strong></span> <span class='ocrx_word' id='word_1_284' title='bbox 541 3095 623 3148; x_wconf 84' lang='lat' dir='ltr'><strong>redd.</strong></span> <span class='ocrx_word' id='word_1_285' title='bbox 632 3098 696 3148; x_wconf 81' lang='lat' dir='ltr'><strong>oute</strong></span> <span class='ocrx_word' id='word_1_286' title='bbox 703 3093 795 3147; x_wconf 84' lang='lat' dir='ltr'><strong>Hord.</strong></span> <span class='ocrx_word' id='word_1_287' title='bbox 815 3092 865 3160; x_wconf 75' lang='lat' dir='ltr'><strong>cfr.</strong></span> <span class='ocrx_word' id='word_1_288' title='bbox 877 3091 973 3162; x_wconf 64' lang='lat' dir='ltr'><strong>§md</strong></span> <span class='ocrx_word' id='word_1_289' title='bbox 1046 3099 1062 3146; x_wconf 85' lang='grc'><strong>9</strong></span> <span class='ocrx_word' id='word_1_290' title='bbox 1077 3093 1124 3148; x_wconf 92' lang='lat' dir='ltr'><strong>de-</strong></span> 
     </span>
     <span class='ocr_line' id='line_1_33' title="bbox 100 3162 1124 3234; baseline -0.002 -14"><span class='ocrx_word' id='word_1_291' title='bbox 100 3164 255 3220; x_wconf 81' lang='lat' dir='ltr'><strong>testatione</strong></span> <span class='ocrx_word' id='word_1_292' title='bbox 272 3183 298 3220; x_wconf 79' lang='lat' dir='ltr'><strong>c,</strong></span> <span class='ocrx_word' id='word_1_293' title='bbox 325 3168 411 3220; x_wconf 78' lang='lat' dir='ltr'><strong>tosta·</strong></span> <span class='ocrx_word' id='word_1_294' title='bbox 426 3167 454 3220; x_wconf 88' lang='lat' dir='ltr'><strong>ll.</strong></span> <span class='ocrx_word' id='word_1_295' title='bbox 528 3171 562 3221; x_wconf 91' lang='lat'><strong>10</strong></span> <span class='ocrx_word' id='word_1_296' title='bbox 579 3165 713 3221; x_wconf 85' lang='lat' dir='ltr'><strong>tiberium</strong></span> <span class='ocrx_word' id='word_1_297' title='bbox 732 3162 842 3234; x_wconf 77' lang='lat' dir='ltr'><strong>ad(.9)a.</strong></span> <span class='ocrx_word' id='word_1_298' title='bbox 869 3163 1017 3219; x_wconf 62' lang='grc'><strong>1111111</strong></span> <span class='ocrx_word' id='word_1_299' title='bbox 1092 3170 1124 3218; x_wconf 86' lang='grc'><strong>13</strong></span> 
     </span>
     <span class='ocr_line' id='line_1_34' title="bbox 102 3234 1126 3306; baseline 0 -18"><span class='ocrx_word' id='word_1_300' title='bbox 102 3235 261 3305; x_wconf 75' lang='lat' dir='ltr'><strong>Augustam</strong></span> <span class='ocrx_word' id='word_1_301' title='bbox 281 3237 338 3292; x_wconf 76' lang='lat' dir='ltr'><strong>Ura.</strong></span> <span class='ocrx_word' id='word_1_302' title='bbox 353 3239 447 3292; x_wconf 75' lang='lat' dir='ltr'><strong>clareti.</strong></span> <span class='ocrx_word' id='word_1_303' title='bbox 458 3253 489 3306; x_wconf 80' lang='lat' dir='ltr'><strong>p.</strong></span> <span class='ocrx_word' id='word_1_304' title='bbox 499 3242 562 3291; x_wconf 87' lang='lat'><em>199.</em></span> <span class='ocrx_word' id='word_1_305' title='bbox 591 3237 719 3296; x_wconf 70' lang='lat' dir='ltr'><strong>stallo</strong></span> <span class='ocrx_word' id='word_1_306' title='bbox 794 3240 828 3287; x_wconf 84' lang='lat'><strong>14</strong></span> <span class='ocrx_word' id='word_1_307' title='bbox 841 3237 927 3305; x_wconf 75' lang='lat' dir='ltr'><strong>pacta</strong></span> <span class='ocrx_word' id='word_1_308' title='bbox 940 3234 1021 3289; x_wconf 55' lang='lat' dir='ltr'><strong>adda</strong></span> <span class='ocrx_word' id='word_1_309' title='bbox 1049 3234 1126 3289; x_wconf 80' lang='lat' dir='ltr'><strong>facta</strong></span> 
     </span>
     <span class='ocr_line' id='line_1_35' title="bbox 102 3304 1125 3377; baseline 0.001 -18"><span class='ocrx_word' id='word_1_310' title='bbox 102 3312 153 3359; x_wconf 85' lang='lat' dir='ltr'><strong>Ita.</strong></span> <span class='ocrx_word' id='word_1_311' title='bbox 181 3307 265 3377; x_wconf 81' lang='lat' dir='ltr'><strong>capta</strong></span> <span class='ocrx_word' id='word_1_312' title='bbox 284 3308 322 3363; x_wconf 70' lang='lat'><strong>2¹.</strong></span> <span class='ocrx_word' id='word_1_313' title='bbox 342 3310 348 3377; x_wconf 91' lang='grc' dir='ltr'>Ι</span> <span class='ocrx_word' id='word_1_314' title='bbox 367 3309 419 3362; x_wconf 86' lang='lat' dir='ltr'><strong>illa</strong></span> <span class='ocrx_word' id='word_1_315' title='bbox 436 3308 564 3362; x_wconf 69' lang='lat' dir='ltr'><strong>12¹de</strong></span> <span class='ocrx_word' id='word_1_316' title='bbox 592 3307 637 3361; x_wconf 85' lang='lat' dir='ltr'><strong>illi</strong></span> <span class='ocrx_word' id='word_1_317' title='bbox 655 3307 884 3362; x_wconf 76' lang='lat' dir='ltr'><strong>eddorataBorb.</strong></span> <span class='ocrx_word' id='word_1_318' title='bbox 905 3307 910 3374; x_wconf 93' lang='grc' dir='ltr'>Ι</span> <span class='ocrx_word' id='word_1_319' title='bbox 933 3322 1064 3360; x_wconf 84' lang='lat' dir='ltr'><strong>caesarea</strong></span> <span class='ocrx_word' id='word_1_320' title='bbox 1081 3304 1125 3360; x_wconf 65' lang='grc' dir='ltr'><strong>θ’.</strong></span> 
     </span>
    </p>

    <p class='ocr_par' dir='ltr' id='par_1_16' title="bbox 100 3377 1238 3733">
     <span class='ocr_line' id='line_1_36' title="bbox 177 3377 1126 3435; baseline -0.001 -4"><span class='ocrx_word' id='word_1_321' title='bbox 177 3384 209 3433; x_wconf 79' lang='lat'><strong>1‘1</strong></span> <span class='ocrx_word' id='word_1_322' title='bbox 223 3379 368 3435; x_wconf 75' lang='lat' dir='ltr'><strong>tenentem</strong></span> <span class='ocrx_word' id='word_1_323' title='bbox 381 3381 409 3434; x_wconf 85' lang='lat' dir='ltr'><strong>ll.</strong></span> <span class='ocrx_word' id='word_1_324' title='bbox 417 3380 476 3435; x_wconf 84' lang='lat' dir='ltr'><strong>edd.</strong></span> <span class='ocrx_word' id='word_1_325' title='bbox 484 3379 642 3434; x_wconf 79' lang='lat' dir='ltr'><strong>autcBarb.</strong></span> <span class='ocrx_word' id='word_1_326' title='bbox 651 3379 712 3433; x_wconf 77' lang='lat' dir='ltr'><strong>Siti.</strong></span> <span class='ocrx_word' id='word_1_327' title='bbox 740 3378 850 3432; x_wconf 80' lang='lat' dir='ltr'><strong>teneret</strong></span> <span class='ocrx_word' id='word_1_328' title='bbox 862 3377 950 3432; x_wconf 73' lang='lat' dir='ltr'><strong>Barla.</strong></span> <span class='ocrx_word' id='word_1_329' title='bbox 1014 3382 1048 3431; x_wconf 85' lang='grc'><strong>18</strong></span> <span class='ocrx_word' id='word_1_330' title='bbox 1062 3378 1126 3432; x_wconf 69' lang='lat' dir='ltr'><strong>dist</strong></span> 
     </span>
     <span class='ocr_line' id='line_1_37' title="bbox 107 3447 1238 3520; baseline -0.003 -16"><span class='ocrx_word' id='word_1_331' title='bbox 107 3449 382 3508; x_wconf 61' lang='grc'><strong>[2111111251.</strong></span> <span class='ocrx_word' id='word_1_332' title='bbox 481 3456 514 3504; x_wconf 90' lang='grc'><strong>21</strong></span> <span class='ocrx_word' id='word_1_333' title='bbox 534 3449 676 3504; x_wconf 85' lang='lat' dir='ltr'><strong>flaminiae</strong></span> <span class='ocrx_word' id='word_1_334' title='bbox 694 3448 758 3503; x_wconf 84' lang='lat' dir='ltr'><strong>uiae</strong></span> <span class='ocrx_word' id='word_1_335' title='bbox 777 3447 891 3502; x_wconf 62' lang='lat' dir='ltr'><strong>lllDetl.</strong></span> <span class='ocrx_word' id='word_1_336' title='bbox 917 3447 1126 3520; x_wconf 66' lang='lat' dir='ltr'><strong>fluminiasluae</strong></span> <span class='ocrx_word' id='word_1_337' title='bbox 1234 3485 1238 3492; x_wconf 81' lang='lat'>-</span> 
     </span>
     <span class='ocr_line' id='line_1_38' title="bbox 101 3518 1127 3577; baseline -0.001 -4"><span class='ocrx_word' id='word_1_338' title='bbox 101 3521 147 3574; x_wconf 75' lang='lat' dir='ltr'><strong>nl.</strong></span> <span class='ocrx_word' id='word_1_339' title='bbox 176 3519 235 3574; x_wconf 74' lang='lat' dir='ltr'><strong>nia</strong></span> <span class='ocrx_word' id='word_1_340' title='bbox 254 3538 341 3577; x_wconf 83' lang='lat' dir='ltr'><strong>aenae</strong></span> <span class='ocrx_word' id='word_1_341' title='bbox 360 3540 382 3576; x_wconf 90' lang='lat' dir='ltr'><strong>o.</strong></span> <span class='ocrx_word' id='word_1_342' title='bbox 414 3521 540 3576; x_wconf 86' lang='lat' dir='ltr'><strong>flaminia</strong></span> <span class='ocrx_word' id='word_1_343' title='bbox 558 3521 606 3576; x_wconf 87' lang='lat' dir='ltr'><strong>uia</strong></span> <span class='ocrx_word' id='word_1_344' title='bbox 624 3525 691 3574; x_wconf 79' lang='lat' dir='ltr'><strong>arto.</strong></span> <span class='ocrx_word' id='word_1_345' title='bbox 783 3525 817 3573; x_wconf 93' lang='grc'><strong>22</strong></span> <span class='ocrx_word' id='word_1_346' title='bbox 837 3518 927 3574; x_wconf 85' lang='lat' dir='ltr'><strong>siluea</strong></span> <span class='ocrx_word' id='word_1_347' title='bbox 946 3537 967 3572; x_wconf 88' lang='lat' dir='ltr'><strong>o.</strong></span> <span class='ocrx_word' id='word_1_348' title='bbox 1001 3519 1074 3573; x_wconf 83' lang='lat' dir='ltr'><strong>silua</strong></span> <span class='ocrx_word' id='word_1_349' title='bbox 1092 3535 1127 3573; x_wconf 89' lang='lat' dir='ltr'><strong>ea</strong></span> 
     </span>
     <span class='ocr_line' id='line_1_39' title="bbox 101 3589 1126 3648; baseline -0.002 -2"><span class='ocrx_word' id='word_1_350' title='bbox 101 3591 179 3646; x_wconf 77' lang='lat' dir='ltr'><strong>Dect.</strong></span> <span class='ocrx_word' id='word_1_351' title='bbox 269 3599 304 3648; x_wconf 88' lang='grc'><strong>23</strong></span> <span class='ocrx_word' id='word_1_352' title='bbox 327 3589 425 3648; x_wconf 84' lang='lat' dir='ltr'><strong>tendet</strong></span> <span class='ocrx_word' id='word_1_353' title='bbox 447 3593 509 3647; x_wconf 70' lang='lat'>1³¹0.</span> <span class='ocrx_word' id='word_1_354' title='bbox 601 3597 635 3646; x_wconf 78' lang='lat'><strong>25</strong></span> <span class='ocrx_word' id='word_1_355' title='bbox 658 3591 800 3645; x_wconf 79' lang='lat' dir='ltr'><strong>tenuerint</strong></span> <span class='ocrx_word' id='word_1_356' title='bbox 822 3595 871 3645; x_wconf 71' lang='grc'><strong>11.</strong></span> <span class='ocrx_word' id='word_1_357' title='bbox 962 3595 996 3645; x_wconf 77' lang='grc'><strong>27</strong></span> <span class='ocrx_word' id='word_1_358' title='bbox 1020 3589 1126 3644; x_wconf 79' lang='lat' dir='ltr'><strong>latinae</strong></span> 
     </span>
     <span class='ocr_line' id='line_1_40' title="bbox 100 3663 275 3733; baseline 0 -15"><span class='ocrx_word' id='word_1_359' title='bbox 100 3663 218 3733; x_wconf 76' lang='lat' dir='ltr'><strong>linguae</strong></span> <span class='ocrx_word' id='word_1_360' title='bbox 238 3663 275 3718; x_wconf 85' lang='lat' dir='ltr'><strong>a¹.</strong></span> 
     </span>
    </p>
   </div>
   <div class='ocr_carea' id='block_1_7' title="bbox 0 0 1315 3962">
    <p class='ocr_par' dir='ltr' id='par_1_17' title="bbox 0 0 1315 3962">
     <span class='ocr_line' id='line_1_41' title="bbox 0 0 1315 3962; baseline 0 0"><span class='ocrx_word' id='word_1_361' title='bbox 0 0 1315 3962; x_wconf 95' lang='lat' dir='ltr'><strong> </strong></span> 
     </span>
    </p>
   </div>
  </div>
 </body>
</html>
