2628 3950
323 137 407 192 NAT.
426 137 519 192 fflsr.
538 139 591 192 Vir
609 145 714 194 ac-as
735 142 861 209 (ac-39)
1051 143 1091 206 31

78 293 172 345 tracta
200 284 328 364 Philippi
355 288 435 365 regis
465 287 552 347 oculo
581 289 685 365 sagitta
716 296 746 348 et
774 290 848 352 citra
877 289 1095 352 deformitatem

78 375 139 434 oris
176 382 279 433 curata
316 373 442 435 orbitate
478 374 613 456 luminis,
650 395 764 437 summa
799 385 898 438 autem
929 379 1095 459 Asclepiadi

77 463 233 524 Prusiensi
260 463 377 523 condita
406 481 480 523 nova
509 471 602 544 secta,
634 469 742 544 spretis
765 464 870 544 legatis
898 475 929 528 et
950 467 1093 546 pollicita-

77 550 209 612 tionibus
225 550 404 613 Mithridatis
422 555 511 633 regia,
529 559 649 633 reperta
667 555 781 615 ratione
802 573 860 633 qua
878 558 980 616 vinum
999 559 1094 636 aegris

49 651 63 691 5
78 639 224 720 medetur,
242 639 336 700 relato
356 659 371 700 e
391 641 497 701 funere
516 641 635 702 homine
655 650 686 702 et
700 652 883 725 conservato,
901 644 955 705 sed
968 648 1094 706 maxime

78 729 239 807 sponsione
267 729 343 789 facta
372 747 441 789 cum
464 725 596 811 fortuna,
626 749 664 790 ne
692 731 826 793 medicus
854 732 1037 813 eraderetur,
1069 736 1094 794 si

77 835 220 896 umquam
238 817 383 879 invalidus
404 817 465 878 ullo
484 819 572 879 modo
591 819 698 881 fuisset
716 823 789 898 ipse.
818 829 848 881 et
866 824 936 882 vicit
956 840 1095 901 suprema

77 909 108 965 in
133 914 255 966 senecta
277 906 362 986 lapsu
386 907 532 968 scalarum
556 910 747 969 exanimatus.
826 940 830 949 ·
877 903 878 910 '

145 988 220 1076 (38)
251 993 366 1055 Grande
392 1004 421 1056 et
444 996 614 1071 Archimedi
636 999 833 1075 geometricae
857 1016 891 1058 ao
914 998 1086 1059 machinalis
1096 1011 1146 1060 125

34 1096 62 1133 10
77 1085 219 1143 scientiae
243 1086 448 1144 testimoninm
470 1084 506 1145 M.
530 1085 661 1146 Marcelli
685 1088 808 1164 contigit
830 1086 1002 1167 interdicto,
1026 1105 1095 1148 cum

78 1171 243 1250 Syracusae
272 1181 463 1254 caperentur,
494 1192 531 1233 ne
555 1174 716 1235 violaretur
739 1192 830 1255 uitus,
860 1177 918 1234 nisi
941 1174 1095 1236 fefellisset

76 1263 237 1339 imperium
268 1261 405 1321 militaris
432 1261 631 1342 inprudentia.
681 1263 817 1324 laudatus
847 1272 892 1323 est
919 1271 949 1324 et
977 1263 1094 1324 Chersi-

76 1349 175 1428 phron
206 1349 333 1411 Gnosius
365 1351 437 1411 aede
467 1350 577 1431 Ephesi
607 1351 716 1412 Dianae
749 1351 913 1429 admirabili
945 1351 1095 1432 fabricata,

76 1437 184 1498 Philon
208 1437 331 1499 Athenis
354 1442 580 1502 armamentario
600 1441 651 1500 CI)
673 1443 805 1520 navium,
829 1439 978 1502 Ctesibius
1001 1459 1093 1521 pneu-

35 1538 62 1576 15
76 1529 185 1587 matioa
207 1530 322 1588 ratione
347 1535 376 1588 et
399 1528 578 1608 hydraulicis
602 1532 721 1608 organis
744 1532 885 1610 repertis,
912 1529 1094 1589 Dinochares

76 1623 206 1676 metatus
225 1615 390 1677 Alexandro
414 1617 557 1680 condenti
577 1619 609 1678 in
627 1618 759 1698 Aegypto
774 1617 987 1679 Alexandriam.
1016 1619 1095 1677 idem

76 1705 127 1764 hic
155 1707 317 1783 imperator
345 1705 437 1766 edixit
465 1725 503 1766 ne
533 1709 599 1785 quis
626 1709 725 1786 ipsum
758 1707 833 1768 alius
862 1725 950 1785 quam
978 1705 1095 1786 Apelles

76 1795 228 1875 pingeret,
260 1812 349 1873 quam
376 1794 548 1873 Pyrgoteles
577 1795 736 1877 scalperet,
769 1813 858 1874 quam
884 1793 1031 1874 Lysippus
1059 1813 1095 1854 ex

77 1900 146 1942 aere
171 1881 303 1942 duceret.
349 1901 425 1962 quae
448 1891 527 1943 artes
550 1883 686 1962 pluribus
709 1884 875 1945 inclaruere
899 1884 1051 1963 exemplis.

36 1981 63 2021 2⁰
147 1964 205 2032 38.
240 1965 313 2054 (39)
360 1971 498 2032 Aristidis
526 1971 660 2032 Thebani
686 1975 811 2052 pictoris
839 1990 928 2033 unam
956 1970 1086 2032 tabulam
1096 1981 1147 2031 tie

69 2067 200 2120 vcentum
220 2060 338 2120 talentis
360 2079 414 2121 rex
433 2060 548 2121 Attalus
567 2061 666 2121 licitus
686 2069 741 2141 est,
764 2064 914 2138 octogiuta
933 2063 1004 2120 emit
1023 2060 1095 2119 duas

78 2147 187 2208 Caesar
210 2149 345 2229 dictator,
368 2149 495 2210 Mediam
518 2157 548 2209 et
571 2148 689 2208 Aiacem
712 2148 907 2227 Timomachi,
930 2151 961 2207 in
984 2147 1095 2225 templo

76 2237 203 2297 Veneris
222 2236 389 2298 Genetricis
408 2239 569 2298 dicaturus
594 2236 758 2297 Candaules
776 2255 829 2297 rex
842 2236 982 2296 Bularchi
1000 2238 1094 2314 pictu-

77 2345 143 2386 ram
156 2325 325 2405 Magnetum
345 2329 437 2407 axitii,
460 2325 538 2386 haud
557 2325 716 2386 mediocris
738 2328 823 2406 spati,
847 2323 938 2404 [pari]
958 2323 1097 2404 rependit

37 2427 64 2465 25
79 2433 161 2476 auro.
183 2445 185 2450 ·
208 2414 346 2475 Rhodum
375 2433 436 2493 non
466 2415 599 2476 incendit
628 2432 683 2474 rex
712 2414 881 2475 Demetrius
912 2420 1096 2492 expugnator

78 2505 317 2584 cognominatus,
341 2522 378 2563 ne
397 2502 527 2565 tabulam
546 2504 721 2582 Protogenis
745 2510 892 2564 cremaret
915 2521 931 2562 a
953 2510 1037 2581 parte
1062 2519 1096 2561 ea

77 2595 158 2653 muri
180 2592 313 2653 locatam.
349 2592 511 2654 Praxiteles
535 2610 682 2653 marmore
706 2592 878 2653 nobilitatus
901 2599 948 2652 est
970 2589 1086 2651 Gnidia-
1098 2600 1148 2649 127

78 2700 137 2760 que
158 2679 273 2742 Venere
297 2685 457 2761 praecipue
479 2699 587 2742 vesano
611 2699 712 2742 amore
736 2681 891 2742 cuiusdam
912 2682 1029 2740 iuvenis
1052 2681 1095 2739 in·

65 2772 170 2851 signi,
199 2773 255 2831 sed
276 2779 305 2831 et
327 2769 496 2832 Nicomedis
520 2772 724 2831 aestimatione
747 2772 826 2850 regis
850 2768 954 2848 grandi
977 2767 1095 2828 Gnidio-

39 2869 64 2908 3⁰
78 2878 149 2922 rum
172 2877 240 2919 aere
264 2858 359 2919 alieno
382 2866 553 2938 permutare
579 2877 645 2920 eam
668 2861 773 2920 conati.
819 2857 940 2920 Phidiae
963 2857 1097 2936 luppiter

79 2947 234 3027 Olympius
265 2948 372 3008 cotidie
402 2949 605 3008 testimonium
634 2946 784 3028 perhibet,
823 2946 951 3008 Mentori
981 2945 1096 3024 Capito·

152 3194 168 3242 5
187 3189 347 3243 mederetur
365 3189 461 3244 anot.
471 3205 495 3243 o.
561 3195 594 3242 10
612 3188 764 3243 interdictu
781 3193 858 3240 1111.
923 3193 965 3240 12.
987 3192 1018 3241 13
1039 3203 1096 3241 cre-

80 3261 197 3330 siphron
214 3259 259 3314 12².
287 3274 370 3330 -pron
387 3261 431 3314 2¹.
461 3259 633 3328 cresimphro
653 3266 675 3314 d.
741 3265 775 3313 14
794 3257 839 3312 OD
858 3274 905 3327 epo
924 3259 976 3312 luc.
990 3263 1096 3326 p.132.

79 3332 159 3386 mille
178 3333 206 3386 ll.
220 3349 245 3386 e.
323 3337 356 3386 15
375 3331 493 3401 repertis
512 3347 563 3385 om.
581 3331 626 3384 12¹.
705 3337 738 3384 16
757 3329 887 3384 condenti
904 3329 1019 3383 Ritechl.
1038 3329 1096 3383 ind

80 3404 137 3458 leet.
156 3403 249 3458 Boou.
268 3407 343 3458 1857
359 3408 425 3472 p.6.
455 3404 494 3456 -te
513 3402 541 3456 ll.
616 3406 649 3455 18
668 3401 809 3470 sculperet
827 3406 852 3453 d.
924 3405 957 3453 23
977 3398 1097 3453 candau-

79 3473 124 3528 lus
142 3473 255 3528 braid.
328 3479 363 3528 24
381 3473 530 3530 mediocris
548 3472 609 3542 peti
629 3474 704 3542 (pate
724 3477 773 3525 aut
790 3471 868 3541 patio
887 3469 934 3538 Bi)
952 3485 983 3522 re
1017 3469 1099 3550 ,endit

24 3565 27 3578 ·
78 3551 110 3598 tt.
141 3561 227 3600 uncos
249 3561 296 3614 epo
310 3547 403 3613 posui.
432 3545 482 3611 cfr,
505 3547 626 3596 XXXV
641 3548 685 3598 55.
772 3545 868 3595 1118
892 3541 995 3608 gignen
1026 3553 1097 3605 oque

79 3617 147 3670 2¹11.
222 3621 255 3670 29
274 3616 389 3686 insigni,
410 3616 458 3670 sed
477 3618 507 3670 et
524 3615 585 3670 Sili.
613 3613 730 3682 insignis
749 3615 779 3665 et
796 3613 824 3665 ll.
