2620 3948
367 162 562 218 nominer.
582 164 621 218 ix
639 169 673 218 es
693 167 819 234 (sa—se)
1032 165 1093 230 141

79 330 150 372 rum
172 319 287 372 tantum
311 309 489 389 obstragulis
511 315 568 374 sed
588 315 658 374 totis
682 313 809 375 socculis
832 313 952 376 addunt.
997 333 1095 394 neque

79 403 162 460 enim
185 407 302 478 gestare
326 401 384 460 iam
406 402 593 482 margaritas,
616 403 674 462 nisi
697 402 812 464 calcent
835 422 868 463 ae
891 421 946 483 per
969 406 1095 467 uniones

79 491 171 552 etiam
195 487 359 569 ambulent,
387 490 458 550 satis
481 496 535 550 est.
581 492 613 552 in
636 498 740 552 nostro
763 494 838 552 mari
860 493 987 570 reperiri
1011 492 1084 553 sole·
1097 502 1147 551 115

81 576 164 656 bant,
187 576 324 638 crebrius
347 579 426 637 circa
444 575 611 658 Bosporum
630 577 798 660 Thraeiiun,
821 581 879 640 ruli
902 599 935 640 ac
958 583 1042 660 parvi
1063 583 1094 642 in

53 681 67 722 s
82 665 206 726 conchis
231 684 304 745 quas
319 683 403 744 myas·
414 661 570 746 appellant.
607 674 637 728 at
651 668 681 728 iu
692 667 860 736 Acarnania
878 687 953 747 quae
971 677 1094 730 vocatur

80 757 152 834 pina
174 756 279 835 gignit,
310 772 369 833 quo
397 761 519 834 apparet
545 773 606 818 uon
629 774 688 817 nno
717 757 847 818 conchae
871 775 980 836 genere
1004 759 1094 819 nasci.

81 861 211 922 namque
240 850 280 903 et·
299 841 386 902 luha
417 843 507 907 tradit
535 842 669 904 Arabicis
700 845 843 908 concham
873 864 939 906 esse
969 847 1094 908 similem

80 932 194 1010 pectini
213 933 337 1012 insecto,
359 929 505 993 hirsutam
523 931 698 994 echinorum
716 932 814 1015 modo,
836 936 935 1012 ipsum
953 936 1095 996 unionem
1151 949 1154 954 ·

80 1021 113 1079 in
137 1038 225 1080 carne
249 1018 385 1098 grandini
409 1019 543 1082 similem.
583 1021 712 1082 conchae
736 1040 796 1082 non
815 1022 888 1082 tales
912 1022 948 1083 ad
967 1041 1021 1084 nos
1045 1023 1093 1083 ad-

39 1126 66 1166 10
81 1109 229 1168 feruntur.
283 1126 339 1168 nec
371 1109 402 1168 in
433 1107 596 1171 Acarnania
626 1118 725 1170 autem
754 1110 863 1174 laudati
893 1113 1094 1191 reperiuntur,

81 1215 220 1260 enormes
252 1203 282 1256 et
314 1197 369 1256 leri
406 1196 574 1276 colorisque
605 1201 772 1261 marmorei.
840 1199 979 1260 meliores
1016 1201 1095 1260 circa

78 1285 212 1365 Aetium,
245 1284 297 1344 sed
325 1292 355 1345 et
386 1284 418 1344 hi
448 1287 544 1365 parvi,
576 1293 606 1347 et
638 1288 669 1348 in
699 1286 898 1348 Mauretaniae
930 1288 1093 1348 maritimis.
1166 1321 1173 1334 ·

30 1385 40 1398 “
80 1373 283 1434 Alexander
310 1371 515 1454 polyhistor
543 1382 573 1437 et
601 1373 758 1438 Sudines
783 1393 941 1436 senescere
966 1394 1017 1436 eos
1040 1395 1093 1455 pu·

80 1468 147 1524 tant
170 1461 358 1540 coloremque
382 1465 542 1542 exspirare.

43 1565 66 1606 15
150 1544 224 1632 (57)
247 1549 360 1610 Eorum
374 1568 483 1630 corpus
502 1551 629 1614 solidum
644 1569 710 1614 esse
728 1552 917 1617 manifestum
932 1559 987 1632 est,
1006 1551 1086 1631 quod
1097 1563 1147 1612 116

80 1639 163 1700 nullo
183 1638 472 1718 lapsuiranguntur.
507 1658 567 1700 non
584 1648 685 1702 autem
705 1659 823 1720 semper
840 1642 872 1702 in
890 1641 987 1702 media
1006 1658 1095 1701 carne

79 1729 283 1807 reperiuntur,
307 1727 359 1788 sed
383 1727 448 1788 ahis
471 1735 559 1808 atque
582 1729 647 1792 aliis
669 1729 752 1810 locis,
774 1730 959 1808 vidimusque
984 1732 1042 1790 iam
1064 1730 1095 1788 in
1166 1735 1174 1750 ‘

81 1819 224 1881 extremis
247 1817 335 1876 etiam
356 1817 538 1895 marginibus
557 1818 638 1878 velut
660 1837 676 1878 e
700 1817 813 1878 concha
836 1825 988 1898 exeuntes,
1012 1825 1041 1877 et
1064 1819 1095 1876 in

82 1903 261 1984 quibusdam
280 1914 441 1982 quaternos
460 1908 634 1985 quinosque.
654 1906 788 1992 ‘pondus
807 1905 919 1976 adhoc
938 1908 1001 1965 aevi
1019 1924 1095 1966 sem-

46 2007 70 2048 eo
83 1995 189 2054 unciae
222 1995 310 2072 pauci
342 1992 466 2071 singulis
498 1995 636 2074 scripulis
668 2013 832 2067 excessere.
886 1993 924 2054 in'
945 1992 1096 2055 Britaxmia
1182 2062 1185 2072 1

81 2100 190 2161 parvos
220 2089 308 2160 atque
336 2080 489 2142 decolores
513 2085 594 2144 nasci
622 2091 737 2142 certum
761 2090 820 2162 est,
850 2083 989 2161 qnoniam
1012 2080 1096 2141 divus

82 2170 179 2233 lulius
202 2169 354 2233 thoracem
377 2187 467 2249 quem
481 2169 588 2230 Veneri
608 2169 758 2232 Genetrici
781 2170 941 2250 intemplo
966 2172 1030 2229 eius
1054 2169 1095 2229 di·

84 2260 162 2320 cavit
186 2277 222 2318 ex
244 2257 424 2319 Britannicis
447 2261 614 2337 margaritis
638 2259 748 2320 laetum
770 2257 898 2319 voluerit
920 2257 1060 2336 intellegi.

152 2340 227 2428 (58)
259 2345 382 2406 Lolliam
402 2346 569 2427 Paanam
599 2365 674 2426 quae
689 2348 759 2421 ‚taut
782 2346 835 2406 Gai
860 2349 1004 2426 principis
1027 2356 1147 2407 ma-117

48 2447 71 2488 25
84 2443 180 2516 trena,
203 2453 241 2494 ne
264 2436 342 2496 serio
362 2434 482 2514 quidem
505 2443 555 2497 aut
574 2435 709 2496 sollemni
728 2436 974 2498 caerimoniarum
997 2433 1095 2513 aliquo

84 2531 227 2604 apparatu
246 2523 298 2583 sed
317 2523 512 2584 mediocrium
531 2527 619 2586 etiam
639 2523 820 2604 sponsalium
838 2542 920 2605 cena,
942 2523 1002 2584 vidi
1020 2541 1095 2583 zma-

84 2611 183 2692 ragdis
215 2613 440 2691 margaritisque
473 2621 620 2694 opertam,
652 2612 765 2673 alterno
799 2620 881 2676 textu
914 2611 1095 2690 fulgentibus

85 2708 146 2762 toto
162 2701 267 2784 capite,
286 2700 427 2781 crinibus
448 2699 563 2780 [spira]
584 2695 715 2781 auribus,
734 2701 818 2782 eollo,
838 2698 1033 2780 [monilibus]
1053 2699 1095 2760 di-

86 2791 214 2868 gitisque
247 2821 289 2830 -
322 2807 435 2849 summa
468 2789 730 2867 quadringentiens
766 2786 823 2848 HS.
857 2788 1012 2867 colligebat
1045 2821 1095 2869 ψ,

53 2886 76 2928 ³0
87 2878 179 2954 ipsam
203 2878 360 2938 confestim
387 2885 519 2956 paratam
542 2880 798 2958 mancupationem
825 2876 934 2938 tabulis
960 2876 1095 2956 probare.

157 3065 361 3135 lobstraguh's
380 3065 471 3120 sedo.
500 3066 546 3121 -lis
565 3068 594 3120 et
611 3065 728 3119 hwa
757 3066 852 3136 obsita
870 3065 899 3118 et
916 3065 960 3120 11¹.
990 3065 1095 3118 abstra-

89 3133 135 3190 het
152 3141 177 3190 d.
278 3137 454 3205 abosphoro
472 3140 503 3190 B.
607 3139 673 3190 bai
690 3135 799 3188 ΜΨ
816 3137 848 3189 in
865 3151 920 3190 rus.
939 3141 963 3189 d.
991 3138 1041 3189 ant
1059 3135 1096 3190 αἳ.

92 3210 131 3259 art
147 3207 217 3263 ΡΒ.
292 3206 448 3261 tsimilem
466 3211 490 3260 d.
519 3207 552 3259 -li
570 3224 592 3260 r.
666 3207 731 3260 8in
749 3207 861 3260 senecta
879 3211 903 3259 il.
926 3206 1033 3260 inseeto
1051 3221 1097 3261 rc.

92 3285 269 3346 exspectaretis
286 3279 383 3348 potius
406 3277 534 3332 similitor
556 3277 660 3347 pectini
685 3277 829 3332 insectam.
921 3283 953 3331 12
972 3277 1098 3347 pemiset

92 3350 168 3404 MR.
196 3349 340 3421 perquirit]
357 3354 380 3402 d.
438 3353 470 3402 15
490 3347 611 3403 solidum
629 3352 673 3402 do.
693 3363 743 3402 om.
762 3365 785 3402 r.
842 3352 875 3402 18
893 3349 972 3402 velut
990 3363 1005 3402 e
1024 3349 1096 3401 Detl.

95 3416 175 3474 -lutae
194 3439 217 3474 a.
248 3421 313 3474 -luti
331 3425 355 3473 d.
385 3419 440 3474 -luh
456 3437 480 3474 r.
535 3425 569 3473 20
588 3418 705 3488 singulis
723 3436 747 3472 e.
773 3419 807 3472 -li
823 3420 851 3474 ll.
906 3419 1094 3472 hilaritudo.

97 3487 131 3540 -tc
147 3507 170 3544 r.
242 3495 275 3545 28
294 3492 411 3546 undans
425 3490 510 3560 posui
528 3506 589 3544 cum
603 3489 819 3546 Frteutoeuuero
837 3489 896 3544 iud.
915 3489 973 3542 lect.
991 3487 1095 3555 Regina.

97 3560 162 3616 1867
175 3567 234 3630 124
323 3567 356 3618 29
375 3579 447 3632 quae
467 3578 576 3615 summa
593 3566 645 3614 Bc.
664 3562 726 3614 dist.
746 3559 819 3614 Detl.
910 3565 944 3612 30
962 3558 1053 3626 ipsam
1072 3573 1094 3608 a.

98 3643 135 3681 -22
150 3649 172 3686 r.
206 3634 210 3701 Ι
244 3637 372 3702 paratam
390 3639 436 3687 ed.
465 3633 498 3686 -ti
516 3637 545 3686 r.
571 3633 613 3686 -ta
630 3649 653 3685 r.
886 3642 887 3646 ’
