<?xml version="1.0" encoding="UTF-8"?>
<!DOCTYPE html PUBLIC "-//W3C//DTD XHTML 1.0 Transitional//EN"
    "http://www.w3.org/TR/xhtml1/DTD/xhtml1-transitional.dtd">
<html xmlns="http://www.w3.org/1999/xhtml" xml:lang="en" lang="en">
 <head>
  <title>
</title>
<meta http-equiv="Content-Type" content="text/html;charset=utf-8" />
  <meta name='ocr-system' content='tesseract 3.04.00' />
  <meta name='ocr-capabilities' content='ocr_page ocr_carea ocr_par ocr_line ocrx_word'/>
</head>
<body>
  <div class='ocr_page' id='page_1' title='image "./cplinisecundina02mayhgoog_0253.png"; bbox 0 0 2636 3952; ppageno 0'>
   <div class='ocr_carea' id='block_1_1' title="bbox 212 100 881 168">
    <p class='ocr_par' dir='ltr' id='par_1_1' title="bbox 212 100 881 168">
     <span class='ocr_line' id='line_1_1' title="bbox 212 100 881 168; baseline -0.003 -12"><span class='ocrx_word' id='word_1_1' title='bbox 212 105 276 168; x_wconf 80' lang='grc'><strong>208</strong></span> <span class='ocrx_word' id='word_1_2' title='bbox 559 101 588 156; x_wconf 81' lang='grc' dir='ltr'><strong>Ο.</strong></span> <span class='ocrx_word' id='word_1_3' title='bbox 607 101 706 156; x_wconf 84' lang='lat' dir='ltr'>PLINI</span> <span class='ocrx_word' id='word_1_4' title='bbox 725 100 881 156; x_wconf 76' lang='lat' dir='ltr'>SECUNDI</span> 
     </span>
    </p>
   </div>
   <div class='ocr_carea' id='block_1_2' title="bbox 160 249 1310 1839">
    <p class='ocr_par' dir='ltr' id='par_1_2' title="bbox 161 249 1310 878">
     <span class='ocr_line' id='line_1_2' title="bbox 161 249 1224 330; baseline -0.001 -19"><span class='ocrx_word' id='word_1_5' title='bbox 161 262 213 313; x_wconf 77' lang='lat'><strong>206</strong></span> <span class='ocrx_word' id='word_1_6' title='bbox 223 256 303 314; x_wconf 90' lang='lat' dir='ltr'><strong>coire</strong></span> <span class='ocrx_word' id='word_1_7' title='bbox 323 252 483 330; x_wconf 86' lang='lat' dir='ltr'><strong>multisque</strong></span> <span class='ocrx_word' id='word_1_8' title='bbox 507 250 545 310; x_wconf 93' lang='lat' dir='ltr'><strong>ob</strong></span> <span class='ocrx_word' id='word_1_9' title='bbox 568 249 597 310; x_wconf 91' lang='lat' dir='ltr'><strong>id</strong></span> <span class='ocrx_word' id='word_1_10' title='bbox 621 250 771 311; x_wconf 86' lang='lat' dir='ltr'><strong>veneficiis</strong></span> <span class='ocrx_word' id='word_1_11' title='bbox 793 251 946 311; x_wconf 80' lang='lat' dir='ltr'><strong>infament.</strong></span> <span class='ocrx_word' id='word_1_12' title='bbox 978 251 1123 312; x_wconf 82' lang='lat' dir='ltr'>dissident</span> <span class='ocrx_word' id='word_1_13' title='bbox 1141 251 1224 312; x_wconf 90' lang='lat' dir='ltr'><strong>thoes</strong></span> 
     </span>
     <span class='ocr_line' id='line_1_3' title="bbox 210 339 1224 423; baseline -0.003 -20"><span class='ocrx_word' id='word_1_14' title='bbox 210 342 384 423; x_wconf 70' lang='lat' dir='ltr'><strong>solennes,</strong></span> <span class='ocrx_word' id='word_1_15' title='bbox 411 349 442 400; x_wconf 90' lang='lat' dir='ltr'><strong>et</strong></span> <span class='ocrx_word' id='word_1_16' title='bbox 465 340 586 400; x_wconf 89' lang='lat' dir='ltr'><strong>minima</strong></span> <span class='ocrx_word' id='word_1_17' title='bbox 609 357 703 418; x_wconf 87' lang='lat' dir='ltr'><strong>aeque</strong></span> <span class='ocrx_word' id='word_1_18' title='bbox 727 357 760 412; x_wconf 83' lang='lat' dir='ltr'><strong>ae</strong></span> <span class='ocrx_word' id='word_1_19' title='bbox 788 341 922 400; x_wconf 85' lang='lat' dir='ltr'><strong>maxima.</strong></span> <span class='ocrx_word' id='word_1_20' title='bbox 969 339 1159 401; x_wconf 83' lang='lat' dir='ltr'><strong>formicosam</strong></span> <span class='ocrx_word' id='word_1_21' title='bbox 1180 358 1224 400; x_wconf 91' lang='lat' dir='ltr'><strong>ar·</strong></span> 
     </span>
     <span class='ocr_line' id='line_1_4' title="bbox 212 426 1224 508; baseline -0.001 -17"><span class='ocrx_word' id='word_1_22' title='bbox 212 431 316 492; x_wconf 89' lang='lat' dir='ltr'><strong>horem</strong></span> <span class='ocrx_word' id='word_1_23' title='bbox 346 447 457 490; x_wconf 88' lang='lat' dir='ltr'><strong>urucae</strong></span> <span class='ocrx_word' id='word_1_24' title='bbox 489 435 602 488; x_wconf 89' lang='lat' dir='ltr'><strong>cavent.</strong></span> <span class='ocrx_word' id='word_1_25' title='bbox 654 426 743 489; x_wconf 89' lang='lat' dir='ltr'><strong>librat</strong></span> <span class='ocrx_word' id='word_1_26' title='bbox 773 445 900 489; x_wconf 89' lang='lat' dir='ltr'><strong>araneus</strong></span> <span class='ocrx_word' id='word_1_27' title='bbox 931 446 962 489; x_wconf 92' lang='lat' dir='ltr'><strong>se</strong></span> <span class='ocrx_word' id='word_1_28' title='bbox 993 428 1042 488; x_wconf 82' lang='lat' dir='ltr'><strong>iilo</strong></span> <span class='ocrx_word' id='word_1_29' title='bbox 1075 431 1106 489; x_wconf 95' lang='lat' dir='ltr'><strong>in</strong></span> <span class='ocrx_word' id='word_1_30' title='bbox 1139 437 1224 508; x_wconf 90' lang='lat' dir='ltr'><strong>eaput</strong></span> 
     </span>
     <span class='ocr_line' id='line_1_5' title="bbox 212 515 1224 599; baseline -0.004 -19"><span class='ocrx_word' id='word_1_31' title='bbox 212 521 360 599; x_wconf 92' lang='lat' dir='ltr'><strong>serpentis</strong></span> <span class='ocrx_word' id='word_1_32' title='bbox 387 524 544 598; x_wconf 81' lang='lat' dir='ltr'>porrectae</span> <span class='ocrx_word' id='word_1_33' title='bbox 568 515 624 577; x_wconf 90' lang='lat' dir='ltr'><strong>sub</strong></span> <span class='ocrx_word' id='word_1_34' title='bbox 647 515 753 577; x_wconf 88' lang='lat' dir='ltr'><strong>umbra</strong></span> <span class='ocrx_word' id='word_1_35' title='bbox 782 515 898 577; x_wconf 90' lang='lat' dir='ltr'><strong>arboris</strong></span> <span class='ocrx_word' id='word_1_36' title='bbox 931 535 1001 578; x_wconf 91' lang='lat' dir='ltr'><strong>suae</strong></span> <span class='ocrx_word' id='word_1_37' title='bbox 1032 525 1171 598; x_wconf 88' lang='lat' dir='ltr'><strong>tantaque</strong></span> <span class='ocrx_word' id='word_1_38' title='bbox 1197 519 1224 576; x_wconf 93' lang='lat' dir='ltr'><strong>vi</strong></span> 
     </span>
     <span class='ocr_line' id='line_1_6' title="bbox 212 604 1249 685; baseline -0.002 -17"><span class='ocrx_word' id='word_1_39' title='bbox 212 626 315 669; x_wconf 90' lang='lat' dir='ltr'><strong>morsu</strong></span> <span class='ocrx_word' id='word_1_40' title='bbox 339 606 496 668; x_wconf 88' lang='lat' dir='ltr'><strong>cerebrum</strong></span> <span class='ocrx_word' id='word_1_41' title='bbox 520 604 724 685; x_wconf 82' lang='lat' dir='ltr'><strong>adprehendit,</strong></span> <span class='ocrx_word' id='word_1_42' title='bbox 747 613 781 666; x_wconf 93' lang='lat' dir='ltr'><strong>nt</strong></span> <span class='ocrx_word' id='word_1_43' title='bbox 805 605 935 666; x_wconf 88' lang='lat' dir='ltr'><strong>stridens</strong></span> <span class='ocrx_word' id='word_1_44' title='bbox 959 605 1085 667; x_wconf 80' lang='lat' dir='ltr'>subinde</span> <span class='ocrx_word' id='word_1_45' title='bbox 1109 614 1140 667; x_wconf 92' lang='lat' dir='ltr'><strong>et</strong></span> <span class='ocrx_word' id='word_1_46' title='bbox 1162 619 1249 666; x_wconf 80' lang='lat' dir='ltr'><strong>ver-5</strong></span> 
     </span>
     <span class='ocr_line' id='line_1_7' title="bbox 213 693 1310 776; baseline -0.003 -19"><span class='ocrx_word' id='word_1_47' title='bbox 213 698 304 775; x_wconf 85' lang='lat' dir='ltr'><strong>tigine</strong></span> <span class='ocrx_word' id='word_1_48' title='bbox 333 703 428 756; x_wconf 91' lang='lat' dir='ltr'><strong>rotata</strong></span> <span class='ocrx_word' id='word_1_49' title='bbox 455 712 493 754; x_wconf 92' lang='lat' dir='ltr'><strong>ne</strong></span> <span class='ocrx_word' id='word_1_50' title='bbox 522 693 604 754; x_wconf 85' lang='lat' dir='ltr'><strong>iilum</strong></span> <span class='ocrx_word' id='word_1_51' title='bbox 633 693 752 771; x_wconf 90' lang='lat' dir='ltr'><strong>quidem</strong></span> <span class='ocrx_word' id='word_1_52' title='bbox 780 694 938 776; x_wconf 88' lang='lat' dir='ltr'><strong>pendentis</strong></span> <span class='ocrx_word' id='word_1_53' title='bbox 966 712 1121 775; x_wconf 86' lang='lat' dir='ltr'><strong>rumpere,</strong></span> <span class='ocrx_word' id='word_1_54' title='bbox 1154 695 1222 756; x_wconf 91' lang='lat' dir='ltr'><strong>adeo</strong></span> <span class='ocrx_word' id='word_1_55' title='bbox 1309 719 1310 754; x_wconf 52' lang='grc'><strong>1</strong></span> 
     </span>
     <span class='ocr_line' id='line_1_8' title="bbox 212 775 1310 878; baseline -0.001 -33"><span class='ocrx_word' id='word_1_56' title='bbox 212 804 272 846; x_wconf 89' lang='lat' dir='ltr'><strong>uon</strong></span> <span class='ocrx_word' id='word_1_57' title='bbox 295 785 398 862; x_wconf 84' lang='lat' dir='ltr'><strong>lugere</strong></span> <span class='ocrx_word' id='word_1_58' title='bbox 422 789 520 862; x_wconf 82' lang='lat' dir='ltr'><strong>queat.</strong></span> <span class='ocrx_word' id='word_1_59' title='bbox 566 801 622 842; x_wconf 91' lang='lat' dir='ltr'><strong>nec</strong></span> <span class='ocrx_word' id='word_1_60' title='bbox 645 775 712 842; x_wconf 87' lang='lat' dir='ltr'><strong>finis</strong></span> <span class='ocrx_word' id='word_1_61' title='bbox 735 791 802 843; x_wconf 90' lang='lat' dir='ltr'><strong>ante</strong></span> <span class='ocrx_word' id='word_1_62' title='bbox 826 791 953 844; x_wconf 90' lang='lat' dir='ltr'><strong>mortem</strong></span> <span class='ocrx_word' id='word_1_63' title='bbox 977 791 1031 844; x_wconf 90' lang='lat' dir='ltr'><strong>est.</strong></span> <span class='ocrx_word' id='word_1_64' title='bbox 1146 812 1148 818; x_wconf 95' lang='lat'>·</span> <span class='ocrx_word' id='word_1_65' title='bbox 1309 803 1310 878; x_wconf 62' lang='lat' dir='ltr'><strong>p</strong></span> 
     </span>
    </p>

    <p class='ocr_par' dir='ltr' id='par_1_3' title="bbox 160 865 1310 1218">
     <span class='ocr_line' id='line_1_9' title="bbox 160 865 1310 957; baseline -0.002 -23"><span class='ocrx_word' id='word_1_66' title='bbox 160 865 211 914; x_wconf 76' lang='lat'><strong>²⁰7</strong></span> <span class='ocrx_word' id='word_1_67' title='bbox 279 866 353 955; x_wconf 84' lang='lat'>(96)</span> <span class='ocrx_word' id='word_1_68' title='bbox 386 871 502 932; x_wconf 86' lang='lat' dir='ltr'><strong>Rursus</strong></span> <span class='ocrx_word' id='word_1_69' title='bbox 526 872 613 932; x_wconf 88' lang='lat' dir='ltr'><strong>amici</strong></span> <span class='ocrx_word' id='word_1_70' title='bbox 634 889 764 957; x_wconf 90' lang='lat' dir='ltr'><strong>pavones</strong></span> <span class='ocrx_word' id='word_1_71' title='bbox 791 879 822 932; x_wconf 93' lang='lat' dir='ltr'><strong>et</strong></span> <span class='ocrx_word' id='word_1_72' title='bbox 845 871 1011 953; x_wconf 90' lang='lat' dir='ltr'><strong>columbae,</strong></span> <span class='ocrx_word' id='word_1_73' title='bbox 1039 881 1173 942; x_wconf 83' lang='lat' dir='ltr'><strong>turtures</strong></span> <span class='ocrx_word' id='word_1_74' title='bbox 1196 879 1224 932; x_wconf 91' lang='lat' dir='ltr'><strong>et</strong></span> <span class='ocrx_word' id='word_1_75' title='bbox 1309 895 1310 904; x_wconf 50' lang='lat'>¹</span> 
     </span>
     <span class='ocr_line' id='line_1_10' title="bbox 212 960 1226 1042; baseline -0.002 -20"><span class='ocrx_word' id='word_1_76' title='bbox 212 964 343 1042; x_wconf 79' lang='lat' dir='ltr'>psittaci,</span> <span class='ocrx_word' id='word_1_77' title='bbox 364 961 502 1022; x_wconf 88' lang='lat' dir='ltr'><strong>merulae</strong></span> <span class='ocrx_word' id='word_1_78' title='bbox 531 967 561 1020; x_wconf 92' lang='lat' dir='ltr'><strong>et</strong></span> <span class='ocrx_word' id='word_1_79' title='bbox 587 966 736 1041; x_wconf 89' lang='lat' dir='ltr'><strong>turtures,</strong></span> <span class='ocrx_word' id='word_1_80' title='bbox 769 963 872 1021; x_wconf 84' lang='lat' dir='ltr'><strong>cornix</strong></span> <span class='ocrx_word' id='word_1_81' title='bbox 905 967 935 1020; x_wconf 89' lang='lat' dir='ltr'><strong>et</strong></span> <span class='ocrx_word' id='word_1_82' title='bbox 965 960 1093 1022; x_wconf 78' lang='lat' dir='ltr'><strong>ardiolae</strong></span> <span class='ocrx_word' id='word_1_83' title='bbox 1124 970 1226 1023; x_wconf 89' lang='lat' dir='ltr'><strong>contra</strong></span> 
     </span>
     <span class='ocr_line' id='line_1_11' title="bbox 212 1047 1267 1130; baseline 0.001 -21"><span class='ocrx_word' id='word_1_84' title='bbox 212 1051 345 1130; x_wconf 92' lang='lat' dir='ltr'><strong>vulpium</strong></span> <span class='ocrx_word' id='word_1_85' title='bbox 372 1068 467 1128; x_wconf 82' lang='lat' dir='ltr'><strong>genus</strong></span> <span class='ocrx_word' id='word_1_86' title='bbox 494 1047 703 1109; x_wconf 90' lang='lat' dir='ltr'><strong>communibus</strong></span> <span class='ocrx_word' id='word_1_87' title='bbox 730 1050 907 1128; x_wconf 87' lang='lat' dir='ltr'><strong>inimicitiis,</strong></span> <span class='ocrx_word' id='word_1_88' title='bbox 936 1049 1028 1128; x_wconf 85' lang='lat' dir='ltr'><strong>harpe</strong></span> <span class='ocrx_word' id='word_1_89' title='bbox 1059 1057 1089 1110; x_wconf 93' lang='lat' dir='ltr'><strong>et</strong></span> <span class='ocrx_word' id='word_1_90' title='bbox 1119 1049 1226 1110; x_wconf 88' lang='lat' dir='ltr'><strong>miluus</strong></span> <span class='ocrx_word' id='word_1_91' title='bbox 1241 1064 1267 1102; x_wconf 86' lang='lat'><strong>1⁰</strong></span> 
     </span>
     <span class='ocr_line' id='line_1_12' title="bbox 214 1137 1227 1218; baseline 0 -19"><span class='ocrx_word' id='word_1_92' title='bbox 214 1147 316 1199; x_wconf 92' lang='lat' dir='ltr'><strong>contra</strong></span> <span class='ocrx_word' id='word_1_93' title='bbox 334 1139 489 1198; x_wconf 89' lang='lat' dir='ltr'><strong>triorchin.</strong></span> <span class='ocrx_word' id='word_1_94' title='bbox 518 1138 597 1218; x_wconf 83' lang='lat' dir='ltr'><strong>quid,</strong></span> <span class='ocrx_word' id='word_1_95' title='bbox 620 1155 681 1197; x_wconf 93' lang='lat' dir='ltr'><strong>non</strong></span> <span class='ocrx_word' id='word_1_96' title='bbox 705 1145 734 1198; x_wconf 92' lang='lat' dir='ltr'><strong>et</strong></span> <span class='ocrx_word' id='word_1_97' title='bbox 758 1137 892 1198; x_wconf 84' lang='lat' dir='ltr'><strong>adlectus</strong></span> <span class='ocrx_word' id='word_1_98' title='bbox 914 1137 1023 1198; x_wconf 90' lang='lat' dir='ltr'><strong>indicia</strong></span> <span class='ocrx_word' id='word_1_99' title='bbox 1046 1145 1117 1199; x_wconf 90' lang='lat' dir='ltr'><strong>sunt</strong></span> <span class='ocrx_word' id='word_1_100' title='bbox 1140 1141 1227 1200; x_wconf 91' lang='lat' dir='ltr'><strong>etiam</strong></span> 
     </span>
    </p>

    <p class='ocr_par' dir='ltr' id='par_1_4' title="bbox 160 1223 1229 1396">
     <span class='ocr_line' id='line_1_13' title="bbox 160 1223 1228 1306; baseline 0 -18"><span class='ocrx_word' id='word_1_101' title='bbox 160 1230 253 1289; x_wconf 63' lang='lat' dir='ltr'><strong>⁸2⁶1in</strong></span> <span class='ocrx_word' id='word_1_102' title='bbox 272 1227 476 1306; x_wconf 85' lang='lat' dir='ltr'><strong>serpentibus,</strong></span> <span class='ocrx_word' id='word_1_103' title='bbox 503 1227 693 1286; x_wconf 83' lang='lat' dir='ltr'>inmitissimo</span> <span class='ocrx_word' id='word_1_104' title='bbox 713 1225 882 1287; x_wconf 89' lang='lat' dir='ltr'><strong>animalium</strong></span> <span class='ocrx_word' id='word_1_105' title='bbox 901 1223 1034 1306; x_wconf 82' lang='lat' dir='ltr'><strong>genere?</strong></span> <span class='ocrx_word' id='word_1_106' title='bbox 1061 1226 1139 1288; x_wconf 90' lang='lat' dir='ltr'><strong>diota</strong></span> <span class='ocrx_word' id='word_1_107' title='bbox 1159 1235 1228 1289; x_wconf 89' lang='lat' dir='ltr'><strong>sunt</strong></span> 
     </span>
     <span class='ocr_line' id='line_1_14' title="bbox 215 1313 1229 1396; baseline -0.001 -19"><span class='ocrx_word' id='word_1_108' title='bbox 215 1334 290 1396; x_wconf 90' lang='lat' dir='ltr'><strong>quae</strong></span> <span class='ocrx_word' id='word_1_109' title='bbox 319 1315 443 1376; x_wconf 82' lang='lat' dir='ltr'><strong>Arcadia</strong></span> <span class='ocrx_word' id='word_1_110' title='bbox 471 1322 572 1376; x_wconf 89' lang='lat' dir='ltr'><strong>narrat</strong></span> <span class='ocrx_word' id='word_1_111' title='bbox 600 1314 636 1375; x_wconf 92' lang='lat' dir='ltr'><strong>de</strong></span> <span class='ocrx_word' id='word_1_112' title='bbox 667 1313 786 1374; x_wconf 90' lang='lat' dir='ltr'><strong>domino</strong></span> <span class='ocrx_word' id='word_1_113' title='bbox 819 1314 849 1392; x_wconf 90' lang='lat' dir='ltr'><strong>[a</strong></span> <span class='ocrx_word' id='word_1_114' title='bbox 878 1315 1020 1393; x_wconf 91' lang='lat' dir='ltr'><strong>dracone]</strong></span> <span class='ocrx_word' id='word_1_115' title='bbox 1052 1323 1168 1376; x_wconf 91' lang='lat' dir='ltr'><strong>servato</strong></span> <span class='ocrx_word' id='word_1_116' title='bbox 1198 1323 1229 1376; x_wconf 93' lang='lat' dir='ltr'><strong>et</strong></span> 
     </span>
    </p>

    <p class='ocr_par' dir='ltr' id='par_1_5' title="bbox 161 1401 1310 1839">
     <span class='ocr_line' id='line_1_15' title="bbox 161 1401 1227 1484; baseline 0 -20"><span class='ocrx_word' id='word_1_117' title='bbox 161 1416 213 1465; x_wconf 79' lang='lat'><strong>208</strong></span> <span class='ocrx_word' id='word_1_118' title='bbox 224 1401 323 1484; x_wconf 86' lang='lat' dir='ltr'><strong>agnito</strong></span> <span class='ocrx_word' id='word_1_119' title='bbox 350 1422 422 1464; x_wconf 88' lang='lat' dir='ltr'><strong>voce</strong></span> <span class='ocrx_word' id='word_1_120' title='bbox 451 1403 581 1464; x_wconf 88' lang='lat' dir='ltr'><strong>draconi.</strong></span> <span class='ocrx_word' id='word_1_121' title='bbox 628 1403 664 1462; x_wconf 91' lang='lat' dir='ltr'><strong>de</strong></span> <span class='ocrx_word' id='word_1_122' title='bbox 693 1403 793 1482; x_wconf 86' lang='lat' dir='ltr'><strong>aspide</strong></span> <span class='ocrx_word' id='word_1_123' title='bbox 822 1403 998 1465; x_wconf 84' lang='lat' dir='ltr'><strong>miraculum</strong></span> <span class='ocrx_word' id='word_1_124' title='bbox 1025 1403 1227 1484; x_wconf 81' lang='lat' dir='ltr'><strong>Phylarcho</strong></span> 
     </span>
     <span class='ocr_line' id='line_1_16' title="bbox 214 1492 1269 1572; baseline 0.001 -19"><span class='ocrx_word' id='word_1_125' title='bbox 214 1493 363 1554; x_wconf 83' lang='lat' dir='ltr'><strong>reddatur.</strong></span> <span class='ocrx_word' id='word_1_126' title='bbox 409 1494 435 1552; x_wconf 91' lang='lat' dir='ltr'><strong>is</strong></span> <span class='ocrx_word' id='word_1_127' title='bbox 458 1493 538 1552; x_wconf 91' lang='lat' dir='ltr'><strong>enim</strong></span> <span class='ocrx_word' id='word_1_128' title='bbox 562 1500 666 1552; x_wconf 88' lang='lat' dir='ltr'><strong>auctor</strong></span> <span class='ocrx_word' id='word_1_129' title='bbox 690 1500 744 1572; x_wconf 85' lang='lat' dir='ltr'><strong>est,</strong></span> <span class='ocrx_word' id='word_1_130' title='bbox 768 1510 836 1552; x_wconf 90' lang='lat' dir='ltr'><strong>cum</strong></span> <span class='ocrx_word' id='word_1_131' title='bbox 860 1492 1052 1554; x_wconf 81' lang='lat' dir='ltr'><strong>admoneam</strong></span> <span class='ocrx_word' id='word_1_132' title='bbox 1075 1493 1269 1554; x_wconf 84' lang='lat' dir='ltr'><strong>cuiusdam1⁵</strong></span> 
     </span>
     <span class='ocr_line' id='line_1_17' title="bbox 214 1579 1229 1662; baseline 0.003 -23"><span class='ocrx_word' id='word_1_133' title='bbox 214 1583 335 1642; x_wconf 89' lang='lat' dir='ltr'><strong>veniens</strong></span> <span class='ocrx_word' id='word_1_134' title='bbox 354 1583 385 1640; x_wconf 93' lang='lat' dir='ltr'><strong>in</strong></span> <span class='ocrx_word' id='word_1_135' title='bbox 399 1581 531 1660; x_wconf 78' lang='lat' dir='ltr'><strong>Aegypto</strong></span> <span class='ocrx_word' id='word_1_136' title='bbox 551 1579 681 1640; x_wconf 81' lang='lat' dir='ltr'><strong>aleretur</strong></span> <span class='ocrx_word' id='word_1_137' title='bbox 700 1581 822 1641; x_wconf 90' lang='lat' dir='ltr'><strong>adsidue</strong></span> <span class='ocrx_word' id='word_1_138' title='bbox 846 1583 933 1642; x_wconf 81' lang='lat' dir='ltr'><strong>enixa</strong></span> <span class='ocrx_word' id='word_1_139' title='bbox 956 1581 1078 1662; x_wconf 68' lang='lat' dir='ltr'><strong>catulos</strong></span> <span class='ocrx_word' id='word_1_140' title='bbox 1101 1600 1229 1661; x_wconf 88' lang='lat' dir='ltr'><strong>quorum</strong></span> 
     </span>
     <span class='ocr_line' id='line_1_18' title="bbox 214 1668 1228 1750; baseline 0.001 -21"><span class='ocrx_word' id='word_1_141' title='bbox 214 1668 251 1738; x_wconf 87' lang='lat' dir='ltr'><strong>ab</strong></span> <span class='ocrx_word' id='word_1_142' title='bbox 278 1687 338 1729; x_wconf 93' lang='lat' dir='ltr'><strong>uno</strong></span> <span class='ocrx_word' id='word_1_143' title='bbox 365 1669 460 1730; x_wconf 88' lang='lat' dir='ltr'><strong>filium</strong></span> <span class='ocrx_word' id='word_1_144' title='bbox 487 1668 613 1747; x_wconf 90' lang='lat' dir='ltr'><strong>hospitis</strong></span> <span class='ocrx_word' id='word_1_145' title='bbox 643 1671 869 1750; x_wconf 82' lang='lat' dir='ltr'><strong>interemptum,</strong></span> <span class='ocrx_word' id='word_1_146' title='bbox 900 1669 980 1730; x_wconf 90' lang='lat' dir='ltr'><strong>illam</strong></span> <span class='ocrx_word' id='word_1_147' title='bbox 1011 1689 1161 1732; x_wconf 88' lang='lat' dir='ltr'><strong>reversam</strong></span> <span class='ocrx_word' id='word_1_148' title='bbox 1192 1671 1228 1731; x_wconf 92' lang='lat' dir='ltr'><strong>ad</strong></span> 
     </span>
     <span class='ocr_line' id='line_1_19' title="bbox 214 1757 1308 1839; baseline -0.002 -21"><span class='ocrx_word' id='word_1_149' title='bbox 214 1758 459 1820; x_wconf 86' lang='lat' dir='ltr'><strong>consuetudinem</strong></span> <span class='ocrx_word' id='word_1_150' title='bbox 484 1757 543 1818; x_wconf 89' lang='lat' dir='ltr'><strong>cibi</strong></span> <span class='ocrx_word' id='word_1_151' title='bbox 566 1757 746 1821; x_wconf 77' lang='lat' dir='ltr'><strong>intellexisse</strong></span> <span class='ocrx_word' id='word_1_152' title='bbox 771 1757 887 1839; x_wconf 91' lang='lat' dir='ltr'><strong>culpam</strong></span> <span class='ocrx_word' id='word_1_153' title='bbox 916 1767 944 1819; x_wconf 92' lang='lat' dir='ltr'><strong>et</strong></span> <span class='ocrx_word' id='word_1_154' title='bbox 967 1777 1071 1820; x_wconf 88' lang='lat' dir='ltr'><strong>necem</strong></span> <span class='ocrx_word' id='word_1_155' title='bbox 1094 1759 1227 1820; x_wconf 90' lang='lat' dir='ltr'><strong>intulisse</strong></span> <span class='ocrx_word' id='word_1_156' title='bbox 1307 1779 1308 1816; x_wconf 84' lang='lat'>1</span> 
     </span>
    </p>
   </div>
   <div class='ocr_carea' id='block_1_3' title="bbox 161 1847 1270 2018">
    <p class='ocr_par' dir='ltr' id='par_1_6' title="bbox 161 1847 1270 2018">
     <span class='ocr_line' id='line_1_20' title="bbox 215 1847 952 1927; baseline 0 -19"><span class='ocrx_word' id='word_1_157' title='bbox 215 1847 322 1927; x_wconf 83' lang='lat' dir='ltr'><strong>catulo,</strong></span> <span class='ocrx_word' id='word_1_158' title='bbox 345 1865 401 1908; x_wconf 93' lang='lat' dir='ltr'><strong>nec</strong></span> <span class='ocrx_word' id='word_1_159' title='bbox 424 1854 527 1926; x_wconf 90' lang='lat' dir='ltr'><strong>postea</strong></span> <span class='ocrx_word' id='word_1_160' title='bbox 549 1849 581 1906; x_wconf 92' lang='lat' dir='ltr'><strong>in</strong></span> <span class='ocrx_word' id='word_1_161' title='bbox 605 1854 718 1908; x_wconf 88' lang='lat' dir='ltr'><strong>tectum</strong></span> <span class='ocrx_word' id='word_1_162' title='bbox 740 1847 771 1909; x_wconf 91' lang='lat' dir='ltr'><strong>id</strong></span> <span class='ocrx_word' id='word_1_163' title='bbox 794 1865 952 1910; x_wconf 87' lang='lat' dir='ltr'><strong>reversam.</strong></span> 
     </span>
     <span class='ocr_line' id='line_1_21' title="bbox 161 1929 1270 2018; baseline -0.001 -22"><span class='ocrx_word' id='word_1_164' title='bbox 161 1945 213 1996; x_wconf 74' lang='lat'><strong>209</strong></span> <span class='ocrx_word' id='word_1_165' title='bbox 284 1929 341 1998; x_wconf 74' lang='grc'><strong>77.</strong></span> <span class='ocrx_word' id='word_1_166' title='bbox 357 1929 431 2018; x_wconf 81' lang='grc'>(97)</span> <span class='ocrx_word' id='word_1_167' title='bbox 456 1935 559 1996; x_wconf 88' lang='lat' dir='ltr'><strong>Somni</strong></span> <span class='ocrx_word' id='word_1_168' title='bbox 573 1939 707 2014; x_wconf 82' lang='lat' dir='ltr'><strong>quaestio</strong></span> <span class='ocrx_word' id='word_1_169' title='bbox 726 1953 786 1996; x_wconf 92' lang='lat' dir='ltr'><strong>uon</strong></span> <span class='ocrx_word' id='word_1_170' title='bbox 806 1934 964 1998; x_wconf 86' lang='lat' dir='ltr'><strong>obscuram</strong></span> <span class='ocrx_word' id='word_1_171' title='bbox 982 1937 1227 1996; x_wconf 89' lang='lat' dir='ltr'><strong>coniectationem</strong></span> <span class='ocrx_word' id='word_1_172' title='bbox 1241 1949 1270 1988; x_wconf 79' lang='lat'><strong>20</strong></span> 
     </span>
    </p>
   </div>
   <div class='ocr_carea' id='block_1_4' title="bbox 162 2023 1277 3084">
    <p class='ocr_par' dir='ltr' id='par_1_7' title="bbox 215 2023 1273 2548">
     <span class='ocr_line' id='line_1_22' title="bbox 215 2023 1228 2104; baseline 0 -19"><span class='ocrx_word' id='word_1_173' title='bbox 215 2024 312 2086; x_wconf 88' lang='lat' dir='ltr'><strong>habet.</strong></span> <span class='ocrx_word' id='word_1_174' title='bbox 340 2027 371 2084; x_wconf 94' lang='lat' dir='ltr'><strong>in</strong></span> <span class='ocrx_word' id='word_1_175' title='bbox 390 2023 585 2086; x_wconf 84' lang='lat' dir='ltr'><strong>terrestribus</strong></span> <span class='ocrx_word' id='word_1_176' title='bbox 605 2027 703 2085; x_wconf 88' lang='lat' dir='ltr'><strong>omnia</strong></span> <span class='ocrx_word' id='word_1_177' title='bbox 719 2043 794 2104; x_wconf 91' lang='lat' dir='ltr'><strong>quae</strong></span> <span class='ocrx_word' id='word_1_178' title='bbox 814 2027 970 2086; x_wconf 88' lang='lat' dir='ltr'><strong>coniveant</strong></span> <span class='ocrx_word' id='word_1_179' title='bbox 988 2024 1118 2088; x_wconf 85' lang='lat' dir='ltr'><strong>dormire</strong></span> <span class='ocrx_word' id='word_1_180' title='bbox 1137 2025 1228 2087; x_wconf 88' lang='lat' dir='ltr'><strong>mani·</strong></span> 
     </span>
     <span class='ocr_line' id='line_1_23' title="bbox 216 2112 1231 2193; baseline -0.002 -19"><span class='ocrx_word' id='word_1_181' title='bbox 216 2115 325 2174; x_wconf 84' lang='lat' dir='ltr'><strong>festum</strong></span> <span class='ocrx_word' id='word_1_182' title='bbox 349 2121 402 2174; x_wconf 92' lang='lat' dir='ltr'><strong>est.</strong></span> <span class='ocrx_word' id='word_1_183' title='bbox 440 2112 577 2192; x_wconf 89' lang='lat' dir='ltr'><strong>aquatilia</strong></span> <span class='ocrx_word' id='word_1_184' title='bbox 601 2132 720 2192; x_wconf 88' lang='lat' dir='ltr'><strong>quoque</strong></span> <span class='ocrx_word' id='word_1_185' title='bbox 744 2114 884 2192; x_wconf 80' lang='lat' dir='ltr'><strong>exiguum</strong></span> <span class='ocrx_word' id='word_1_186' title='bbox 907 2114 1040 2193; x_wconf 84' lang='lat' dir='ltr'><strong>quidem,</strong></span> <span class='ocrx_word' id='word_1_187' title='bbox 1064 2115 1154 2174; x_wconf 88' lang='lat' dir='ltr'><strong>etiarn</strong></span> <span class='ocrx_word' id='word_1_188' title='bbox 1178 2114 1231 2192; x_wconf 92' lang='lat' dir='ltr'><strong>qui</strong></span> 
     </span>
     <span class='ocr_line' id='line_1_24' title="bbox 215 2201 1231 2284; baseline 0 -20"><span class='ocrx_word' id='word_1_189' title='bbox 215 2205 251 2264; x_wconf 90' lang='lat' dir='ltr'><strong>de</strong></span> <span class='ocrx_word' id='word_1_190' title='bbox 277 2205 385 2264; x_wconf 89' lang='lat' dir='ltr'><strong>ceteris</strong></span> <span class='ocrx_word' id='word_1_191' title='bbox 408 2202 557 2284; x_wconf 86' lang='lat' dir='ltr'><strong>dubitant,</strong></span> <span class='ocrx_word' id='word_1_192' title='bbox 585 2201 714 2268; x_wconf 89' lang='lat' dir='ltr'><strong>dormire</strong></span> <span class='ocrx_word' id='word_1_193' title='bbox 738 2211 838 2262; x_wconf 90' lang='lat' dir='ltr'><strong>tamen</strong></span> <span class='ocrx_word' id='word_1_194' title='bbox 862 2205 1043 2283; x_wconf 83' lang='lat' dir='ltr'><strong>existimant,</strong></span> <span class='ocrx_word' id='word_1_195' title='bbox 1070 2219 1131 2262; x_wconf 92' lang='lat' dir='ltr'><strong>non</strong></span> <span class='ocrx_word' id='word_1_196' title='bbox 1159 2221 1231 2264; x_wconf 89' lang='lat' dir='ltr'><strong>ocu·</strong></span> 
     </span>
     <span class='ocr_line' id='line_1_25' title="bbox 215 2291 1233 2372; baseline 0.001 -21"><span class='ocrx_word' id='word_1_197' title='bbox 215 2292 313 2352; x_wconf 91' lang='lat' dir='ltr'><strong>lorum</strong></span> <span class='ocrx_word' id='word_1_198' title='bbox 343 2298 531 2372; x_wconf 79' lang='lat' dir='ltr'><strong>argumento,</strong></span> <span class='ocrx_word' id='word_1_199' title='bbox 565 2293 634 2370; x_wconf 89' lang='lat' dir='ltr'><strong>quia</strong></span> <span class='ocrx_word' id='word_1_200' title='bbox 663 2309 723 2352; x_wconf 90' lang='lat' dir='ltr'><strong>non</strong></span> <span class='ocrx_word' id='word_1_201' title='bbox 754 2291 864 2352; x_wconf 90' lang='lat' dir='ltr'><strong>habeut</strong></span> <span class='ocrx_word' id='word_1_202' title='bbox 894 2310 999 2372; x_wconf 83' lang='lat' dir='ltr'><strong>genas,</strong></span> <span class='ocrx_word' id='word_1_203' title='bbox 1032 2308 1136 2351; x_wconf 91' lang='lat' dir='ltr'><strong>verum</strong></span> <span class='ocrx_word' id='word_1_204' title='bbox 1166 2293 1233 2370; x_wconf 90' lang='lat' dir='ltr'><strong>ipsa</strong></span> 
     </span>
     <span class='ocr_line' id='line_1_26' title="bbox 217 2379 1273 2461; baseline -0.001 -20"><span class='ocrx_word' id='word_1_205' title='bbox 217 2383 316 2459; x_wconf 92' lang='lat' dir='ltr'><strong>quiete</strong></span> <span class='ocrx_word' id='word_1_206' title='bbox 341 2389 507 2441; x_wconf 89' lang='lat' dir='ltr'><strong>cernuntur</strong></span> <span class='ocrx_word' id='word_1_207' title='bbox 529 2379 642 2458; x_wconf 87' lang='lat' dir='ltr'><strong>placida</strong></span> <span class='ocrx_word' id='word_1_208' title='bbox 665 2398 721 2440; x_wconf 90' lang='lat' dir='ltr'><strong>ceu</strong></span> <span class='ocrx_word' id='word_1_209' title='bbox 746 2387 892 2461; x_wconf 85' lang='lat' dir='ltr'><strong>soporata,</strong></span> <span class='ocrx_word' id='word_1_210' title='bbox 916 2397 1012 2459; x_wconf 88' lang='lat' dir='ltr'><strong>neque</strong></span> <span class='ocrx_word' id='word_1_211' title='bbox 1036 2379 1116 2446; x_wconf 90' lang='lat' dir='ltr'><strong>aliud</strong></span> <span class='ocrx_word' id='word_1_212' title='bbox 1140 2398 1232 2458; x_wconf 89' lang='lat' dir='ltr'><strong>quam</strong></span> <span class='ocrx_word' id='word_1_213' title='bbox 1247 2391 1273 2433; x_wconf 73' lang='lat'><strong>2⁵</strong></span> 
     </span>
     <span class='ocr_line' id='line_1_27' title="bbox 216 2468 1233 2548; baseline -0.002 -18"><span class='ocrx_word' id='word_1_214' title='bbox 216 2469 324 2530; x_wconf 89' lang='lat' dir='ltr'><strong>caudas</strong></span> <span class='ocrx_word' id='word_1_215' title='bbox 352 2471 500 2530; x_wconf 87' lang='lat' dir='ltr'><strong>moventia</strong></span> <span class='ocrx_word' id='word_1_216' title='bbox 528 2477 558 2530; x_wconf 90' lang='lat' dir='ltr'><strong>et</strong></span> <span class='ocrx_word' id='word_1_217' title='bbox 585 2468 620 2528; x_wconf 87' lang='lat' dir='ltr'><strong>ad</strong></span> <span class='ocrx_word' id='word_1_218' title='bbox 645 2468 810 2530; x_wconf 88' lang='lat' dir='ltr'><strong>tumultum</strong></span> <span class='ocrx_word' id='word_1_219' title='bbox 840 2469 967 2547; x_wconf 89' lang='lat' dir='ltr'><strong>aliquem</strong></span> <span class='ocrx_word' id='word_1_220' title='bbox 997 2471 1233 2548; x_wconf 82' lang='lat' dir='ltr'><strong>expavescentia.</strong></span> 
     </span>
    </p>

    <p class='ocr_par' dir='ltr' id='par_1_8' title="bbox 162 2553 1277 2992">
     <span class='ocr_line' id='line_1_28' title="bbox 162 2553 1234 2636; baseline -0.001 -18"><span class='ocrx_word' id='word_1_221' title='bbox 162 2558 260 2618; x_wconf 79' lang='lat' dir='ltr'><strong>210de</strong></span> <span class='ocrx_word' id='word_1_222' title='bbox 284 2559 403 2636; x_wconf 84' lang='lat' dir='ltr'><strong>thynnis</strong></span> <span class='ocrx_word' id='word_1_223' title='bbox 427 2557 624 2619; x_wconf 86' lang='lat' dir='ltr'><strong>confidentius</strong></span> <span class='ocrx_word' id='word_1_224' title='bbox 647 2557 827 2618; x_wconf 84' lang='lat' dir='ltr'><strong>adfirmatur.</strong></span> <span class='ocrx_word' id='word_1_225' title='bbox 864 2560 946 2618; x_wconf 80' lang='lat' dir='ltr'><strong>iuxta</strong></span> <span class='ocrx_word' id='word_1_226' title='bbox 973 2553 1053 2636; x_wconf 85' lang='lat' dir='ltr'><strong>ripas</strong></span> <span class='ocrx_word' id='word_1_227' title='bbox 1077 2559 1157 2620; x_wconf 84' lang='lat' dir='ltr'><strong>enim</strong></span> <span class='ocrx_word' id='word_1_228' title='bbox 1181 2566 1234 2620; x_wconf 88' lang='lat' dir='ltr'><strong>aut</strong></span> 
     </span>
     <span class='ocr_line' id='line_1_29' title="bbox 215 2645 1234 2727; baseline 0 -21"><span class='ocrx_word' id='word_1_229' title='bbox 215 2654 314 2727; x_wconf 89' lang='lat' dir='ltr'><strong>petras</strong></span> <span class='ocrx_word' id='word_1_230' title='bbox 339 2647 502 2726; x_wconf 87' lang='lat' dir='ltr'><strong>dormiunt,</strong></span> <span class='ocrx_word' id='word_1_231' title='bbox 525 2645 604 2726; x_wconf 90' lang='lat' dir='ltr'><strong>plani</strong></span> <span class='ocrx_word' id='word_1_232' title='bbox 627 2654 727 2708; x_wconf 90' lang='lat' dir='ltr'><strong>autem</strong></span> <span class='ocrx_word' id='word_1_233' title='bbox 749 2648 876 2725; x_wconf 90' lang='lat' dir='ltr'><strong>piscium</strong></span> <span class='ocrx_word' id='word_1_234' title='bbox 900 2648 931 2706; x_wconf 94' lang='lat' dir='ltr'><strong>in</strong></span> <span class='ocrx_word' id='word_1_235' title='bbox 961 2646 1047 2727; x_wconf 87' lang='lat' dir='ltr'><strong>vado,</strong></span> <span class='ocrx_word' id='word_1_236' title='bbox 1079 2654 1113 2707; x_wconf 95' lang='lat' dir='ltr'><strong>ut</strong></span> <span class='ocrx_word' id='word_1_237' title='bbox 1140 2664 1234 2708; x_wconf 89' lang='lat' dir='ltr'><strong>manu</strong></span> 
     </span>
     <span class='ocr_line' id='line_1_30' title="bbox 215 2733 1233 2814; baseline 0.001 -19"><span class='ocrx_word' id='word_1_238' title='bbox 215 2754 303 2814; x_wconf 90' lang='lat' dir='ltr'><strong>saepe</strong></span> <span class='ocrx_word' id='word_1_239' title='bbox 327 2734 476 2813; x_wconf 71' lang='lat' dir='ltr'><strong>tollantur.</strong></span> <span class='ocrx_word' id='word_1_240' title='bbox 514 2753 582 2794; x_wconf 89' lang='lat' dir='ltr'><strong>narn</strong></span> <span class='ocrx_word' id='word_1_241' title='bbox 606 2734 738 2814; x_wconf 89' lang='lat' dir='ltr'><strong>delphini</strong></span> <span class='ocrx_word' id='word_1_242' title='bbox 760 2733 968 2814; x_wconf 85' lang='lat' dir='ltr'><strong>ballaenaeque</strong></span> <span class='ocrx_word' id='word_1_243' title='bbox 996 2742 1159 2796; x_wconf 89' lang='lat' dir='ltr'><strong>stertentes</strong></span> <span class='ocrx_word' id='word_1_244' title='bbox 1189 2744 1233 2796; x_wconf 91' lang='lat' dir='ltr'><strong>et-</strong></span> 
     </span>
     <span class='ocr_line' id='line_1_31' title="bbox 215 2823 1277 2904; baseline 0 -20"><span class='ocrx_word' id='word_1_245' title='bbox 215 2827 273 2884; x_wconf 90' lang='lat' dir='ltr'><strong>iam</strong></span> <span class='ocrx_word' id='word_1_246' title='bbox 297 2824 466 2884; x_wconf 90' lang='lat' dir='ltr'><strong>audiuntur.</strong></span> <span class='ocrx_word' id='word_1_247' title='bbox 513 2825 625 2884; x_wconf 91' lang='lat' dir='ltr'><strong>insecta</strong></span> <span class='ocrx_word' id='word_1_248' title='bbox 649 2841 768 2902; x_wconf 92' lang='lat' dir='ltr'><strong>quoque</strong></span> <span class='ocrx_word' id='word_1_249' title='bbox 797 2823 927 2883; x_wconf 90' lang='lat' dir='ltr'><strong>dormire</strong></span> <span class='ocrx_word' id='word_1_250' title='bbox 956 2823 1073 2884; x_wconf 91' lang='lat' dir='ltr'><strong>silentio</strong></span> <span class='ocrx_word' id='word_1_251' title='bbox 1098 2832 1234 2904; x_wconf 84' lang='lat' dir='ltr'><strong>apparet,</strong></span> <span class='ocrx_word' id='word_1_252' title='bbox 1249 2837 1277 2875; x_wconf 75' lang='lat'><strong>30</strong></span> 
     </span>
     <span class='ocr_line' id='line_1_32' title="bbox 218 2912 1032 2992; baseline -0.001 -19"><span class='ocrx_word' id='word_1_253' title='bbox 218 2931 292 2992; x_wconf 91' lang='lat' dir='ltr'><strong>quae</strong></span> <span class='ocrx_word' id='word_1_254' title='bbox 317 2912 540 2973; x_wconf 83' lang='lat' dir='ltr'><strong>uoluminibus</strong></span> <span class='ocrx_word' id='word_1_255' title='bbox 564 2913 684 2991; x_wconf 88' lang='lat' dir='ltr'><strong>quidem</strong></span> <span class='ocrx_word' id='word_1_256' title='bbox 707 2913 832 2972; x_wconf 88' lang='lat' dir='ltr'><strong>admotis</strong></span> <span class='ocrx_word' id='word_1_257' title='bbox 857 2913 1032 2973; x_wconf 83' lang='lat' dir='ltr'><strong>excitentur.</strong></span> 
     </span>
    </p>

    <p class='ocr_par' dir='ltr' id='par_1_9' title="bbox 162 2993 1235 3084">
     <span class='ocr_line' id='line_1_33' title="bbox 162 2993 1235 3084; baseline -0.005 -17"><span class='ocrx_word' id='word_1_258' title='bbox 162 3018 212 3068; x_wconf 80' lang='lat'><strong>211</strong></span> <span class='ocrx_word' id='word_1_259' title='bbox 282 2993 356 3084; x_wconf 85' lang='lat'>(98)</span> <span class='ocrx_word' id='word_1_260' title='bbox 379 3000 474 3062; x_wconf 84' lang='lat' dir='ltr'><strong>llorno</strong></span> <span class='ocrx_word' id='word_1_261' title='bbox 498 3003 615 3080; x_wconf 83' lang='lat' dir='ltr'><strong>genitus</strong></span> <span class='ocrx_word' id='word_1_262' title='bbox 638 3003 785 3080; x_wconf 88' lang='lat' dir='ltr'><strong>premitur</strong></span> <span class='ocrx_word' id='word_1_263' title='bbox 808 3019 912 3062; x_wconf 87' lang='lat' dir='ltr'><strong>somno</strong></span> <span class='ocrx_word' id='word_1_264' title='bbox 935 3019 990 3080; x_wconf 90' lang='lat' dir='ltr'><strong>per</strong></span> <span class='ocrx_word' id='word_1_265' title='bbox 1013 3001 1125 3080; x_wconf 85' lang='lat' dir='ltr'><strong>aliquot</strong></span> <span class='ocrx_word' id='word_1_266' title='bbox 1148 3020 1235 3066; x_wconf 85' lang='lat' dir='ltr'><strong>men·</strong></span> 
     </span>
    </p>
   </div>
   <div class='ocr_carea' id='block_1_5' title="bbox 217 3151 430 3158">
    <p class='ocr_par' dir='ltr' id='par_1_10' title="bbox 217 3151 430 3158">
     <span class='ocr_line' id='line_1_34' title="bbox 217 3151 430 3158; baseline 0.009 -3"><span class='ocrx_word' id='word_1_267' title='bbox 217 3151 278 3158; x_wconf 52' lang='lat' dir='ltr'><strong>u...-</strong></span> <span class='ocrx_word' id='word_1_268' title='bbox 287 3151 296 3156; x_wconf 86' lang='lat'><em>-</em></span> <span class='ocrx_word' id='word_1_269' title='bbox 303 3151 430 3156; x_wconf 45' lang='lat' dir='ltr'><strong>...nm-...—</strong></span> 
     </span>
    </p>
   </div>
   <div class='ocr_carea' id='block_1_6' title="bbox 214 3224 1241 3651">
    <p class='ocr_par' dir='ltr' id='par_1_11' title="bbox 214 3224 1238 3355">
     <span class='ocr_line' id='line_1_35' title="bbox 286 3224 1237 3296; baseline -0.001 -16"><span class='ocrx_word' id='word_1_270' title='bbox 286 3233 301 3280; x_wconf 63' lang='lat'><strong>,1</strong></span> <span class='ocrx_word' id='word_1_271' title='bbox 322 3227 358 3281; x_wconf 91' lang='lat' dir='ltr'><strong>ob</strong></span> <span class='ocrx_word' id='word_1_272' title='bbox 376 3225 406 3280; x_wconf 89' lang='lat' dir='ltr'><strong>id</strong></span> <span class='ocrx_word' id='word_1_273' title='bbox 423 3232 454 3280; x_wconf 77' lang='lat' dir='ltr'><strong>a.</strong></span> <span class='ocrx_word' id='word_1_274' title='bbox 480 3225 509 3279; x_wconf 89' lang='lat' dir='ltr'><strong>id</strong></span> <span class='ocrx_word' id='word_1_275' title='bbox 526 3242 550 3280; x_wconf 86' lang='lat' dir='ltr'><strong>r.</strong></span> <span class='ocrx_word' id='word_1_276' title='bbox 571 3226 575 3293; x_wconf 92' lang='grc' dir='ltr'>Ι</span> <span class='ocrx_word' id='word_1_277' title='bbox 595 3225 677 3282; x_wconf 86' lang='lat' dir='ltr'><strong>thoes</strong></span> <span class='ocrx_word' id='word_1_278' title='bbox 695 3241 719 3280; x_wconf 86' lang='lat' dir='ltr'><strong>o.</strong></span> <span class='ocrx_word' id='word_1_279' title='bbox 746 3226 796 3292; x_wconf 83' lang='lat' dir='ltr'><strong>cfr.</strong></span> <span class='ocrx_word' id='word_1_280' title='bbox 810 3224 898 3280; x_wconf 78' lang='lat' dir='ltr'><strong>Arist.</strong></span> <span class='ocrx_word' id='word_1_281' title='bbox 913 3226 930 3279; x_wconf 90' lang='lat' dir='ltr'><strong>l.</strong></span> <span class='ocrx_word' id='word_1_282' title='bbox 946 3225 963 3278; x_wconf 92' lang='lat' dir='ltr'><strong>l.</strong></span> <span class='ocrx_word' id='word_1_283' title='bbox 977 3241 1001 3278; x_wconf 85' lang='lat' dir='ltr'><strong>o.</strong></span> <span class='ocrx_word' id='word_1_284' title='bbox 1016 3229 1059 3280; x_wconf 73' lang='lat'><strong>14.</strong></span> <span class='ocrx_word' id='word_1_285' title='bbox 1085 3226 1189 3296; x_wconf 81' lang='lat' dir='ltr'><strong>thopes</strong></span> <span class='ocrx_word' id='word_1_286' title='bbox 1210 3229 1237 3280; x_wconf 79' lang='lat' dir='ltr'><strong>vt.</strong></span> 
     </span>
     <span class='ocr_line' id='line_1_36' title="bbox 214 3295 1238 3355; baseline 0 -5"><span class='ocrx_word' id='word_1_287' title='bbox 214 3297 274 3353; x_wconf 91' lang='lat' dir='ltr'><strong>iho·</strong></span> <span class='ocrx_word' id='word_1_288' title='bbox 292 3305 344 3351; x_wconf 76' lang='lat' dir='ltr'><strong>Da.</strong></span> <span class='ocrx_word' id='word_1_289' title='bbox 369 3296 430 3353; x_wconf 88' lang='lat' dir='ltr'><strong>hio·</strong></span> <span class='ocrx_word' id='word_1_290' title='bbox 449 3295 491 3352; x_wconf 61' lang='grc' dir='ltr'><strong>Ρ.</strong></span> <span class='ocrx_word' id='word_1_291' title='bbox 516 3295 627 3352; x_wconf 85' lang='lat' dir='ltr'><strong>h0·1t¹.</strong></span> <span class='ocrx_word' id='word_1_292' title='bbox 655 3297 694 3352; x_wconf 93' lang='lat' dir='ltr'><strong>io·</strong></span> <span class='ocrx_word' id='word_1_293' title='bbox 712 3303 744 3350; x_wconf 82' lang='lat' dir='ltr'><strong>tt.</strong></span> <span class='ocrx_word' id='word_1_294' title='bbox 817 3303 952 3351; x_wconf 86' lang='lat' dir='ltr'><strong>3e1·uoae</strong></span> <span class='ocrx_word' id='word_1_295' title='bbox 970 3295 1054 3350; x_wconf 63' lang='grc' dir='ltr'><strong>ΙΨ.</strong></span> <span class='ocrx_word' id='word_1_296' title='bbox 1080 3297 1189 3355; x_wconf 85' lang='lat' dir='ltr'><strong>murice</strong></span> <span class='ocrx_word' id='word_1_297' title='bbox 1211 3301 1238 3350; x_wconf 80' lang='lat' dir='ltr'><strong>d.</strong></span> 
     </span>
    </p>

    <p class='ocr_par' dir='ltr' id='par_1_12' title="bbox 214 3367 1241 3651">
     <span class='ocr_line' id='line_1_37' title="bbox 296 3367 1240 3438; baseline -0.001 -17"><span class='ocrx_word' id='word_1_298' title='bbox 296 3374 328 3422; x_wconf 87' lang='lat'><strong>13</strong></span> <span class='ocrx_word' id='word_1_299' title='bbox 348 3369 464 3424; x_wconf 72' lang='lat' dir='ltr'><strong>amicos</strong></span> <span class='ocrx_word' id='word_1_300' title='bbox 482 3384 528 3438; x_wconf 78' lang='lat' dir='ltr'><strong>epo</strong></span> <span class='ocrx_word' id='word_1_301' title='bbox 544 3369 634 3437; x_wconf 78' lang='lat' dir='ltr'><strong>posui.</strong></span> <span class='ocrx_word' id='word_1_302' title='bbox 726 3374 760 3423; x_wconf 86' lang='lat'><strong>14</strong></span> <span class='ocrx_word' id='word_1_303' title='bbox 780 3367 876 3437; x_wconf 79' lang='lat' dir='ltr'><strong>agnita</strong></span> <span class='ocrx_word' id='word_1_304' title='bbox 894 3373 1037 3422; x_wconf 75' lang='grc'><strong>1111111.</strong></span> <span class='ocrx_word' id='word_1_305' title='bbox 1066 3369 1071 3436; x_wconf 79' lang='lat' dir='ltr'><strong>l</strong></span> <span class='ocrx_word' id='word_1_306' title='bbox 1101 3367 1240 3424; x_wconf 75' lang='lat' dir='ltr'><strong>drseoms</strong></span> 
     </span>
     <span class='ocr_line' id='line_1_38' title="bbox 214 3438 1239 3509; baseline 0 -18"><span class='ocrx_word' id='word_1_307' title='bbox 214 3445 292 3492; x_wconf 75' lang='lat' dir='ltr'><strong>Bra.</strong></span> <span class='ocrx_word' id='word_1_308' title='bbox 365 3444 397 3492; x_wconf 83' lang='lat' dir='ltr'><strong>at</strong></span> <span class='ocrx_word' id='word_1_309' title='bbox 419 3439 736 3509; x_wconf 70' lang='lat' dir='ltr'><strong>coniurant(·nn-B⁹d)</strong></span> <span class='ocrx_word' id='word_1_310' title='bbox 751 3438 855 3494; x_wconf 61' lang='lat' dir='ltr'><strong>rlli&#39;d.</strong></span> <span class='ocrx_word' id='word_1_311' title='bbox 885 3439 976 3494; x_wconf 82' lang='lat' dir='ltr'><strong>-iuanh</strong></span> <span class='ocrx_word' id='word_1_312' title='bbox 994 3439 1036 3491; x_wconf 58' lang='lat' dir='ltr'><strong>ri.</strong></span> <span class='ocrx_word' id='word_1_313' title='bbox 1065 3439 1159 3496; x_wconf 79' lang='lat' dir='ltr'><strong>-tuant</strong></span> <span class='ocrx_word' id='word_1_314' title='bbox 1179 3445 1239 3492; x_wconf 76' lang='lat' dir='ltr'><strong>Da.</strong></span> 
     </span>
     <span class='ocr_line' id='line_1_39' title="bbox 214 3509 1241 3580; baseline 0.002 -18"><span class='ocrx_word' id='word_1_315' title='bbox 214 3509 394 3565; x_wconf 80' lang='lat' dir='ltr'><strong>·tinv&#39;1ant1t¹.</strong></span> <span class='ocrx_word' id='word_1_316' title='bbox 457 3511 600 3580; x_wconf 73' lang='lat' dir='ltr'><strong>atquin.</strong></span> <span class='ocrx_word' id='word_1_317' title='bbox 619 3511 742 3578; x_wconf 83' lang='lat' dir='ltr'><strong>quiere.</strong></span> <span class='ocrx_word' id='word_1_318' title='bbox 813 3516 845 3568; x_wconf 75' lang='lat'><strong>25</strong></span> <span class='ocrx_word' id='word_1_319' title='bbox 865 3509 1046 3570; x_wconf 70' lang='lat' dir='ltr'><strong>alialir¹act</strong></span> <span class='ocrx_word' id='word_1_320' title='bbox 1111 3515 1241 3566; x_wconf 75' lang='grc'><strong>26111111-</strong></span> 
     </span>
     <span class='ocr_line' id='line_1_40' title="bbox 215 3579 624 3651; baseline 0.017 -21"><span class='ocrx_word' id='word_1_321' title='bbox 215 3579 257 3631; x_wconf 90' lang='lat' dir='ltr'><strong>dis</strong></span> <span class='ocrx_word' id='word_1_322' title='bbox 273 3584 373 3637; x_wconf 72' lang='lat' dir='ltr'><strong>brad.</strong></span> <span class='ocrx_word' id='word_1_323' title='bbox 448 3588 481 3636; x_wconf 83' lang='lat'><strong>31</strong></span> <span class='ocrx_word' id='word_1_324' title='bbox 500 3599 557 3651; x_wconf 88' lang='lat' dir='ltr'><strong>qua</strong></span> <span class='ocrx_word' id='word_1_325' title='bbox 574 3587 624 3637; x_wconf 76' lang='lat' dir='ltr'><strong>ra.</strong></span> 
     </span>
    </p>
   </div>
   <div class='ocr_carea' id='block_1_7' title="bbox 0 0 1323 3952">
    <p class='ocr_par' dir='ltr' id='par_1_13' title="bbox 0 0 1323 3952">
     <span class='ocr_line' id='line_1_41' title="bbox 0 0 1323 3952; baseline 0 0"><span class='ocrx_word' id='word_1_326' title='bbox 0 0 1323 3952; x_wconf 95' lang='lat' dir='ltr'><strong> </strong></span> 
     </span>
    </p>
   </div>
  </div>
 </body>
</html>
