2636 3952
156 104 157 108 Ἰ
207 149 269 218 158
322 153 351 208 O.
370 153 469 207 PLINI
489 151 562 207 SEC.
581 151 665 206 NAT.
684 152 776 207 Hier.
796 153 835 206 IX
854 159 958 209 61-62
979 155 1105 224 (87-88)

157 331 159 334 ·
204 305 344 362 umorem
369 301 496 363 habeant
525 301 626 361 lucere
660 303 691 362 in
721 293 788 362 ore
804 302 1020 384 mandentium,
1058 302 1159 364 lucere
1187 307 1217 364 in

204 390 341 452 manibus
364 400 453 470 atque
477 393 565 451 etiam
588 393 620 450 in
642 389 704 451 solo
728 409 762 450 ac
782 399 864 451 veste
888 390 1094 453 decidentibus
1117 395 1217 475 geritis,

203 488 238 540 ut
259 478 366 558 procul
388 479 478 540 dubio
497 487 597 558 pateat
619 481 684 540 suci
707 477 787 539 illam
809 487 946 541 naturam
963 499 1029 542 esse
1053 499 1142 559 quam
1160 484 1217 582 mi-

117 611 119 615 ·
204 586 340 629 raremur
364 571 452 630 etiam
475 570 505 629 in
530 586 664 648 corpore

152 673 203 723 185
274 653 330 720 62.
355 650 429 740 (88)
463 655 540 718 Sunt
563 665 593 718 et
615 658 836 718 inimicitiarum
859 665 947 736 atque
971 659 1147 720 concordiae
1166 661 1245 719 mis

203 746 312 806 racula.
363 744 455 824 mugil
483 753 513 806 et
539 745 627 825 lupus
656 754 759 806 mutuo
788 746 855 807 odio
882 746 1021 828 flagrant,
1051 765 1162 827 conger
1189 761 1218 809 et

125 882 130 886 .
205 853 328 896 murena
347 835 471 896 caudam
488 837 567 896 inter
586 853 618 895 se
636 834 857 915 praerudentes.
893 836 1061 916 polypum
1052 855 1084 897 m
1101 844 1217 898 tanturn

203 923 318 984 locusta
335 931 423 1004 paret
440 930 483 1005 ut,
503 925 529 983 si
541 926 624 985 iuxta
638 923 744 1006 videat,
762 926 881 985 omnino
896 927 1050 1006 moriatur,
1072 924 1218 987 locustam

204 1031 327 1094 conger3
350 1031 457 1074 rursus
475 1012 615 1092 polypum
629 1015 733 1092 congri
749 1012 888 1074 lacerant.
924 1012 1090 1093 Nigidius
1113 1023 1218 1077 auctor

204 1109 251 1162 est
276 1101 456 1181 praerodere
486 1101 610 1162 caudam
641 1101 744 1180 mugili
771 1101 888 1183 lupum,
920 1102 1100 1182 eosdemque
1132 1107 1218 1166 statis
1232 1119 1258 1157 ιο

204 1185 357 1252 mensibus
386 1188 550 1251 concordes
581 1209 655 1250 esse.
711 1208 814 1251 omnes
847 1198 946 1252 autem
977 1193 1076 1263 rivere
1109 1191 1218 1272 quibus

151 1296 202 1346 186
213 1279 323 1340 caudae
347 1281 390 1340 sic
413 1286 612 1358 amputentur.
649 1287 679 1340 at
702 1297 718 1340 e
742 1281 893 1341 contrario
915 1282 1061 1341 amicitiae
1085 1281 1218 1361 exempla

204 1376 274 1429 sunt
295 1366 417 1447 praeter
443 1367 491 1427 illa
519 1385 648 1447 quorum
674 1367 803 1430 diximus
831 1371 1002 1430 societatem
1029 1368 1163 1430 ballaena
1187 1378 1218 1431 et

198 1455 366 1539 Qmusculus
389 1455 507 1551 quando
529 1458 683 1536 praegravi
701 1457 931 1536 superciliorum
948 1457 1081 1537 pondere
1100 1457 1217 1520 obrutis

203 1547 268 1605 eius
291 1544 385 1606 oculis
412 1529 582 1605 infestantia
604 1546 838 1625 magnitudinem
861 1547 933 1606 vada
959 1554 1137 1626 praenatans
1164 1545 1214 1608 de·
1230 1561 1256 1601 1⁵

203 1641 350 1694 monstrat
372 1632 586 1712 oculorumque
609 1636 673 1694 vice
696 1635 839 1714 iungitur

269 1721 346 1782 Hinc
368 1721 524 1782 volucrum
546 1730 669 1784 naturae
693 1723 839 1784 dicentur.

204 1871 417 1878 *stu-‚m

275 1953 357 2000 lore
375 1949 399 1998 d.
429 1961 478 2000 ora
496 1946 532 1999 ιιι.
559 1946 629 2001 hora
647 1964 669 2000 r.
745 1946 898 2001 tuendam
915 1952 947 2001 lt.
976 1964 1018 2002 -aa
1037 1952 1062 2001 d.
1091 1964 1121 2002 -a
1138 1965 1163 2002 r.

274 2019 341 2071 8ιι1
359 2015 382 2071 si
400 2015 479 2071 ΒΨ,
508 2019 540 2070 ut
557 2034 580 2071 r.
615 2022 619 2084 Ι
653 2016 749 2071 uideat
765 2022 789 2070 lt
807 2033 821 2073 e
839 2033 908 2073 corr.
939 2017 1031 2072 uisum
1050 2022 1074 2072 d.
1102 2018 1176 2074 uidit
1191 2034 1216 2073 r.

205 2087 292 2159 ldiat.
312 2087 373 2144 sut.
401 2087 451 2154 cfr.
469 2089 556 2142 Arist.
574 2089 600 2142 lo.
615 2105 641 2143 c.
666 2090 740 2140 VIII
748 2093 769 2144 2
783 2105 814 2157 p.
825 2089 925 2156 5903,
939 2093 983 2144 16.
1041 2096 1074 2144 10
1093 2091 1174 2144 statis
1190 2107 1215 2146 υ.

203 2159 251 2225 cfr.
271 2175 332 2214 noo.
352 2160 404 2215 luc.
418 2176 449 2228 p.
464 2165 514 2216 22.
544 2159 642 2214 ostede
659 2164 691 2213 lt.
724 2160 796 2214 aest
814 2164 886 2214 Fet.
995 2165 1028 2214 13
1046 2160 1112 2216 illos
1131 2161 1166 2216 de
1183 2167 1216 2215 B.

109 2245 110 2248 ’
204 2229 362 2300 loocielete
380 2235 411 2286 B.
520 2235 555 2284 14
577 2229 744 2300 quandoque
762 2229 838 2284 1²⁸².
948 2237 981 2287 16
1004 2231 1057 2286 fias
1074 2233 1138 2288 uice
1156 2233 1216 2287 ι’ᾱ.

201 2301 264 2356 uice
282 2318 305 2358 r,
334 2302 393 2356 eius
412 2301 473 2358 vice
491 2302 563 2356 Doti.
