2588 3956
326 133 411 188 mar,
430 133 524 196 Hlsr.
543 133 581 188 rx
600 138 688 190 e-to
708 134 816 204 (o-rr)
1022 134 1084 198 121

27 294 74 346 et
120 302 239 365 parvos
267 301 386 363 semper
415 281 522 360 aliquis
552 282 692 360 grandior
723 285 882 344 comitatur
911 291 946 344 ut
976 293 1087 368 comos,

28 375 282 453 conspectique
305 375 364 435 iam
383 378 454 435 suut
478 371 652 434 defunctum
666 380 829 453 portantes²
852 391 890 433 ne
904 372 1087 436 laceraretur
1115 429 1118 437 2

30 483 53 524 a
89 461 215 526 beluis.
449 511 454 517 .

137 545 176 612 9.
198 545 269 633 (11)
294 549 509 629 Delphiuorum
529 547 753 610 similitudinem
775 548 885 610 hahent
908 553 959 629 qui
982 569 1087 612 vocan·
1106 566 1141 615 31

0 674 10 687 -
35 651 114 702 tur
153 639 325 703 thursiones.
363 638 474 699 distant
497 645 528 698 et
550 636 671 698 tristitia
695 637 821 715 quadem
844 638 1016 722 adspectus,
1038 640 1088 700 ah·

36 738 108 789 est
144 731 220 796 caim
242 727 292 792 illa
314 727 448 807 lascivia,
477 727 604 792 maxime
626 733 726 788 tamcn
754 729 862 788 rostris
885 729 1088 792 canicularum

36 817 282 882 maleficentiae
306 815 481 882 adsimulati.

142 901 196 968 ll).
221 899 296 987 (12)
313 904 500 967 'Testudines
517 911 615 964 tantae
629 903 842 981 magnitudinis
855 903 992 966 Indicum
1006 924 1087 968 mare
1106 913 1140 962 35

43 996 248 1058 emittenti
272 992 457 1072 singularum
475 993 633 1071 superficie
656 990 831 1052 habitabiles
851 1011 933 1053 casas
956 995 1089 1072 integant

1 1100 23 1140 o
46 1092 161 1162 atque
187 1085 268 1146 inter
299 1081 413 1146 insulas
444 1080 540 1146 Rubri
567 1083 727 1160 praecipue
755 1083 845 1142 maris
877 1081 924 1142 his
950 1085 1089 1160 navigent

45 1172 193 1234 cumbis.
231 1173 392 1251 capiuntur
414 1169 517 1232 multis
536 1171 658 1248 quidem
676 1169 781 1251 modis,
805 1170 857 1230 sed
877 1171 1002 1232 maxime
1022 1190 1087 1231 eve-

48 1269 136 1323 ctae
152 1264 184 1322 in
203 1277 321 1324 summa
337 1259 434 1339 pelagi
453 1259 688 1320 antemeridiano
702 1265 837 1337 temporo
852 1257 993 1341 blandito,
1016 1263 1087 1321 cmi-

51 1355 160 1412 nente
182 1357 247 1412 toto
271 1348 361 1413 dorso
388 1366 444 1428 per
471 1347 630 1426 tranquille
657 1347 822 1430 fluitantes,
853 1365 928 1426 quae
952 1348 1087 1428 voluptas

50 1439 161 1502 libere
185 1437 319 1518 spiraudi
342 1439 374 1496 in
397 1443 513 1514 tantum
536 1436 610 1499 lallit
633 1435 740 1498 oblitas
763 1438 811 1498 sui
834 1445 868 1498 ut
891 1436 962 1496 solis
978 1455 1086 1516 vapore

1 1544 34 1582 1⁵
56 1531 180 1591 siccato
210 1529 322 1588 cortice
351 1543 412 1589 uon
439 1532 550 1606 queant
572 1527 669 1604 mergi
695 1526 863 1603 invitaeque
891 1525 1009 1586 fluitent
1036 1545 1086 1606 op-

55 1624 215 1698 portunae
244 1617 416 1678 vehentium
438 1613 574 1693 praedae.
620 1615 722 1676 ferunt
750 1620 780 1674 et
806 1622 924 1694 pastum
952 1633 1088 1694 egressas
1106 1623 1140 1672 36

58 1713 159 1766 noctu
184 1704 329 1782 avideque
353 1710 500 1766 saturatas
518 1702 735 1784 lassarumque,
759 1711 793 1763 ut
806 1706 1005 1765 remeaverint
1028 1723 1087 1765 ma·

59 1797 176 1874 totino,
200 1811 314 1859 summa
334 1793 366 1852 in
380 1809 456 1870 aqua
474 1791 706 1855 obdormiscere.
742 1791 773 1851 id
791 1792 879 1872 prodi
897 1796 1087 1854 stertentium

65 1885 180 1944 sonitu.
246 1890 312 1943 tum
343 1881 514 1941 adnatare..
535 1928 542 1940 .
562 1928 568 1941 .
589 1928 595 1941 .
619 1880 786 1958 leniterque
819 1881 943 1959 singulis
976 1889 1087 1943 ternos

11 1985 50 2026 ao
71 1990 90 2031 a
112 1970 230 2034 duobus
253 1973 283 2030 in
308 1970 432 2030 dorsum
454 1971 539 2050 verti,
563 1988 579 2029 a
603 1971 692 2030 tertio
715 1968 855 2046 laqueum
872 1971 943 2029 inici
964 1973 1087 2049 supinae

70 2068 158 2140 atque
182 2061 225 2120 ita
248 2062 292 2120 ed
314 2067 424 2121 terrem
447 2077 464 2118 a
487 2057 734 2137 pluribus‘trahi.
766 2059 798 2118 in
820 2057 989 2118 Phoenicen
1012 2061 1087 2118 mari

69 2149 147 2210 haud
166 2148 227 2212 ulla
245 2146 419 2214 difficultate
439 2149 607 2227 capiuntur,
630 2147 769 2225 ultroque
784 2148 907 2208 veniunt
922 2153 998 2206 stato
1013 2154 1086 2206 tem-

71 2257 141 2318 pore
166 2239 236 2302 anui
259 2238 291 2296 iu
315 2253 433 2300 amnem
455 2234 652 2296 Eleutherum
676 2236 769 2297 etiosa
792 2233 991 2295 multitudine.

127 2325 249 2394 ,Dentes
272 2343 333 2388 uon
357 2331 428 2386 sunt
450 2325 608 2405 testudini,
639 2324 691 2385 sed
718 2325 810 2386 rostri
835 2325 984 2402 margines
1008 2325 1087 2384 acuti
1105 2332 1139 2381 37

20 2427 56 2468 25
73 2433 199 2496 superna
231 2422 316 2494 parte
346 2414 520 2476 inferiorem
550 2412 705 2475 claudente
735 2412 877 2492 pyxidum
904 2411 1000 2472 modo.
1054 2414 1086 2472 in

73 2507 144 2566 mari
165 2501 328 2582 conchyliis
347 2504 451 2563 vivunt
470 2535 512 2546 ν
536 2509 618 2564 tauta
632 2503 693 2562 oris
707 2501 818 2563 duritia
832 2507 865 2561 ut
879 2500 992 2581 lapides
1007 2519 1085 2562 com·

72 2596 205 2659 mouent
226 2621 271 2644 m·-
294 2593 326 2652 in
348 2598 461 2652 terram
480 2609 616 2670 egressae
636 2589 746 2652 herbis.
779 2591 900 2670 pariunt
922 2608 975 2650 ova
989 2592 1088 2650 avium

73 2683 132 2742 oris
155 2681 263 2748 similia
284 2680 322 2744 ‚ed
342 2687 467 2744 centena
485 2697 621 2760 numero,
644 2695 738 2759 eoque
757 2679 875 2740 defossa
898 2685 981 2740 eitra
995 2697 1086 2758 aquas

74 2779 101 2832 ct
122 2777 264 2851 cooperta
293 2776 374 2830 terra
400 2771 497 2848 pavita
524 2775 646 2848 pectore
676 2775 706 2828 et
734 2767 917 2847 complanata
945 2767 1087 2828 incubant

35 2859 215 2922 unoculus.
277 2858 409 2926 educunt
438 2857 517 2918 lctus
549 2875 648 2918 annuo
671 2853 783 2936 ‘spatio
843 2857 963 2935 quidam
992 2857 1086 2920 oculis

137 3125 158 3178 d¹
172 3117 298 3187 quadum
315 3115 359 3170 12².
379 3115 494 3185 quidam
511 3116 556 3169 12¹.
579 3115 693 3184 quidem
712 3133 735 3171 r.
751 3118 756 3186 Ι
772 3118 902 3186 aspectus
920 3115 980 3173 αὐ.
999 3119 1085 3171 -ecta-

72 3193 148 3250 tuor.
223 3186 380 3246 eutiuzlt.
454 3191 488 3242 to
507 3189 591 3256 pastu
603 3192 702 3241 1³ch.
776 3191 809 3244 19
829 3189 958 3243 lacunam
975 3203 1022 3258 epo
1041 3188 1086 3241 iu-

72 3261 169 3328 dioooi„
184 3259 288 3318 occilit
307 3260 388 3318 ceute
407 3259 448 3314 uel
466 3259 521 3316 tute
539 3259 615 3328 guid.
644 3260 649 3328 Ι
678 3257 833 3326 leniterque
853 3277 877 3314 c
906 3257 975 3314 leui·
994 3275 1017 3312 r.
1045 3259 1084 3312 le-

71 3332 139 3386 niter
156 3331 227 3386 coni.
243 3329 336 3387 Hard.
397 3335 431 3387 21
452 3327 488 3386 ad
506 3331 612 3387 terrem
629 3329 688 3384 edd.
709 3334 769 3393 apte
788 3329 879 3386 Herd.
899 3331 949 3397 cfr.
964 3329 1086 3385 Diodori

71 3405 179 3469 11121,
198 3405 220 3456 4,
240 3402 362 3467 iutuitu
385 3402 491 3468 χέρεον.
528 3401 558 3456 et
581 3403 606 3468 (e
629 3401 656 3470 d)
681 3403 757 3457 terre
779 3401 806 3456 ll.
898 3407 932 3456 26
951 3402 1032 3456 bonta
1050 3429 1084 3442 -

73 3473 259 3532 comminuunt
277 3472 370 3532 lamo
388 3477 413 3530 et
430 3471 504 3526 Dett.
527 3487 589 3544 cum
612 3471 673 3529 Scit.
697 3475 926 3542 trmcpoouormtt
948 3473 980 3526 iu
1002 3488 1026 3524 o.
1045 3475 1085 3527 25

68 3550 127 3612 post
142 3543 241 3610 mod03
261 3547 333 3598 ote.
352 3542 440 3602 Arist.
459 3543 485 3596 o.
500 3559 526 3598 o.
550 3545 625 3598 VIII
635 3547 654 3599 2
669 3559 700 3612 p.
716 3543 816 3610 59013,
835 3547 853 3597 3
871 3558 908 3612 sq.
983 3547 1016 3598 29
1035 3557 1084 3610 pc-

19 3664 23 3667 .
71 3617 125 3670 vite
142 3631 195 3686 epo.
225 3631 259 3672 uo
277 3612 376 3683 penita
395 3613 451 3669 lto.
