2594 3960
330 143 416 197 unu.
435 141 529 197 nisu.
549 143 574 196 x
592 148 697 198 Μ,
718 146 844 214 (ar-32)
1036 147 1100 211 173

70 294 236 372 praedicit.
273 293 396 354 eaedem
418 294 637 354 mansuefactae
660 294 818 355 lasciviunt
840 314 987 375 gyrosque
1012 315 1100 377 quos·

70 383 149 442 dam
179 383 320 444 indecoro
348 401 440 442 cursu
463 381 510 442 vel
539 383 672 461 singulae
701 393 857 462 peragunt.
908 393 1025 447 certum
1053 395 1152 447 osteo

68 471 212 532 Pontum
241 471 473 532 transvolaturas
501 473 631 549 primum
658 475 792 534 omnium
819 476 970 552 angustias
996 483 1100 554 petere

69 562 162 620 inter
191 561 249 621 duo
276 562 487 640 promunturia
516 559 729 639 Criumetopon
759 569 789 621 et
819 561 1000 644 Carambim,
1032 582 1101 626 mox

41 648 211 710 ssabmra
234 648 368 709 stabiliri.
405 667 483 710 cum
510 649 642 710 medium
669 652 855 731 transierint,
883 651 960 712 abici
987 652 1101 731 lapillos

68 756 87 796 e
113 737 257 820 pedibuS,
272 755 351 798 cum
373 739 526 818 attigerint
549 740 760 819 continentem,
783 736 853 799 et'e
876 749 996 818 gutture
1015 741 1100 804 barc-

68 845 158 886 nam.
209 824 405 886 Cornelius
436 825 567 908 Nepos,
599 829 651 906 qui
683 827 743 888 diri
774 828 900 907 Augusti
931 832 1102 911 principatu

69 915 168 996 obiit,
198 933 269 976 cum
296 914 443 976 scriberet
470 915 575 975 turdos
602 915 691 995 paulo
718 923 787 977 ante
815 927 936 997 coeptos
965 921 1127 999 saginari.

70 1003 194 1064 addidit
216 1005 348 1064 ciconias
365 993 459 1082 magis
476 1004 594 1083 placere
613 1023 703 1084 quam
720 1023 821 1086 grues,
842 1024 911 1066 cum
928 1007 1002 1067 haec
1021 1025 1101 1068 nunc

30 1107 58 1146 10
71 1093 141 1154 ales
163 1095 246 1153 inter
268 1094 380 1171 primas
405 1101 569 1173 expetatur,
592 1093 671 1153 illam
694 1111 781 1154 nemo
804 1095 874 1155 velit
897 1098 1037 1175 attigisse.

146 1175 224 1264 (31)
249 1181 388 1242 Ciconiae
412 1199 542 1261 quonam
565 1200 581 1242 e
600 1182 666 1243 loco
684 1185 804 1244 veniant
822 1191 873 1244 aut
889 1202 950 1262 quo
971 1203 1003 1245 se
1021 1185 1099 1245 reic-
1120 1196 1153 1243 61

71 1279 148 1331 rant
180 1273 392 1349 inconpertum
429 1271 525 1331 adbuc
558 1278 612 1333 est.
663 1290 679 1331 e
712 1271 874 1351 longinquo
906 1277 1008 1334 venire
1041 1292 1101 1334 non

73 1359 207 1422 dubium
231 1359 337 1420 eodem
360 1378 419 1438 quo
443 1377 534 1438 grues
557 1361 654 1441 modo,
677 1360 741 1420 illas
764 1361 881 1444 hiemis,
903 1363 956 1422 bas
980 1365 1102 1423 aestatis

75 1449 219 1509 advenas
248 1447 383 1508 abiturae
403 1455 623 1527 congregantur
642 1451 673 1509 in
691 1449 755 1510 loca
774 1459 866 1532 certa,
885 1453 1100 1530 comitataeque

38 1540 123 1598 1⁵sic
146 1537 287 1598 utnulla
311 1539 430 1616 generis
453 1540 500 1598 sui
524 1537 709 1616 relinquatur
733 1541 790 1599 nisi
817 1542 931 1619 captiva
954 1549 989 1600 ‘et
1017 1559 1102 1601 serva
1185 1559 1192 1584 ¹

76 1645 136 1686 ceu
155 1625 222 1704 lege
241 1627 393 1704 praedicta
416 1626 463 1686 die
487 1626 640 1689 recedunt.
672 1645 760 1688 nemo
783 1628 856 1688 vidit
878 1647 984 1708 agmen
1007 1629 1100 1690 disce·

76 1715 227 1796 dentium,
243 1733 315 1774 cum
329 1715 533 1800 discessurum
551 1724 700 1798 appareat,
717 1735 773 1776 nec
792 1719 893 1777 venire
914 1719 966 1778 sed
984 1720 1101 1778 venisse

81 1805 243 1864 cernimus.
281 1811 443 1882 utrumque
467 1806 623 1864 nocturnis
645 1805 679 1864 fit
701 1805 895 1888 temporibus,
919 1815 950 1867 et
969 1810 1102 1885 quamvis

81 1891 161 1953 ultra
179 1895 291 1952 citrave
309 1892 473 1973 pervolent,
495 1911 658 1971 numquam
677 1899 775 1954 tamen
799 1895 952 1956 advenisse
976 1915 1103 1974 usquam

39 1991 67 2031 2⁰
80 1983 140 2041 nisi
164 1983 257 2042 noctu
281 1982 497 2043 existimantur.
542 1981 694 2060 Pythonos
722 2001 827 2044 comen
850 1991 957 2044 vocant
979 1987 1011 2043 in
1033 1985 1102 2044 Asia
1121 1994 1154 2042 62

79 2069 254 2150 patentibus
274 2073 385 2149 campis
404 2070 456 2130 ubi
475 2077 670 2149 congregatae
687 2073 768 2131 inter
786 2090 818 2132 se
838 2081 1102 2153 commurmurant,

80 2177 209 2238 eamque
229 2177 305 2238 quae
329 2161 489 2220 novissima
511 2159 630 2221 advenit
652 2159 784 2220 lacerant
806 2169 894 2239 atque
918 2163 959 2221 ita
983 2157 1102 2222 abeunt.

80 2255 220 2309 notatum
242 2255 312 2327 post
333 2247 401 2308 idus
424 2247 572 2327 Augustas
601 2266 662 2309 non
689 2258 803 2309 temere
831 2251 908 2309 visas
935 2248 986 2310 ibi.
1032 2260 1102 2311 sunt

80 2340 136 2416 qui
168 2339 293 2398 ciconiis
325 2355 386 2397 non
416 2339 514 2397 inesse
545 2337 676 2416 linguam
707 2339 892 2398 confirment.
938 2339 1033 2398 honos
1065 2341 1102 2400 iis

42 2436 67 2476 25
80 2428 270 2506 serpentium
294 2427 384 2486 exitio
408 2431 509 2486 tantus
532 2433 567 2486 ut
588 2428 620 2486 in
634 2425 786 2487 Thessalia
810 2427 917 2506 capital
939 2427 1031 2488 luerit
1047 2445 1101 2488 oc·

81 2515 192 2576 cidisse
216 2515 378 2592 eademque
402 2513 518 2592 legibus
541 2533 638 2594 poena
661 2518 791 2593 quaein
814 2516 999 2578 homicidam.

150 2597 226 2686 (32)
264 2602 360 2663 Simili
389 2621 511 2663 anseres
542 2622 660 2683 quoque
691 2611 722 2664 et
751 2605 848 2664 olores
879 2607 993 2665 ratione
1022 2623 1101 2665 com·
1121 2613 1155 2662 63

82 2700 197 2773 mearet,
226 2693 278 2752 sed
306 2692 415 2753 horum
431 2692 555 2752 'volatus
578 2695 722 2753 cernitur.
767 2692 996 2754 Liburnicarum
1019 2712 1102 2754 more

82 2789 213 2842 rostrato
237 2783 351 2861 impetu
374 2781 526 2862 feruntur,
550 2780 666 2841 facilius
688 2783 729 2840 ita
752 2781 899 2842 tindentes
923 2788 991 2842 aera
1014 2800 1103 2860 quam

45 2887 70 2927 ao
84 2872 110 2930 si
138 2877 223 2930 recta
254 2869 351 2929 lronte
382 2869 573 2950 inpellerent,
603 2889 620 2929 a
649 2877 733 2948 tergo
764 2873 876 2930 s'ensim
903 2869 1042 2931 dilatante
1071 2889 1102 2930 se

87 2977 180 3019 cuneo
212 2959 378 3038 porrigitur
414 2976 519 3036 agmen
566 2957 706 3037 largeque
747 2959 903 3037 inpellenti
941 2957 1103 3038 praebetur

85 3117 298 3124 -n--ffl-

156 3207 171 3254 1
197 3205 260 3270 post
283 3199 422 3271 praedicit
443 3199 592 3254 Noitentae
622 3205 724 3274 quaest.
750 3200 923 3268 Panum
942 3201 1105 3254 inscribsit

118 3275 156 3327 63
171 3271 575 3340 Liburnicarum-recipiunt.
672 3276 696 3324 1.
711 3277 727 3325 2
745 3287 787 3325 oo.
806 3271 1105 3340 eaodem-peragunt

114 3345 149 3398 rt.
164 3343 259 3398 clueat.
273 3359 305 3411 p.
315 3347 371 3398 152
385 3343 562 3410 uamposuit
572 3344 605 3396 io
617 3341 639 3412 ἕ
652 3345 691 3396 60
703 3347 769 3410 post
782 3341 919 3411 attigisse.
970 3348 986 3396 2
1001 3343 1103 3397 decoro

86 3414 174 3468 coluit
192 3415 294 3468 Iactus.
386 3412 553 3468 btellurem
572 3415 609 3467 (1².
643 3412 834 3467 continentem
851 3429 874 3466 r.
900 3415 904 3480 Ι
930 3415 1043 3482 gabbaa
1060 3413 1104 3466 1¹.

86 3488 185 3554 guttere
197 3489 252 3538 tto.
326 3489 359 3538 10
378 3485 501 3553 sategisse
513 3490 546 3538 Β.
568 3484 652 3554 tetig
667 3502 691 3538 a.
769 3489 801 3537 11
821 3484 937 3538 veniant
948 3501 973 3537 o.
997 3499 1060 3538 eue-
1075 3485 1103 3538 ll.

141 3561 176 3609 14
190 3555 254 3610 loca
267 3555 349 3609 1²2⁹.
370 3572 414 3609 -co
428 3571 472 3610 ro.
490 3557 494 3624 Ι
511 3557 586 3612 certo
600 3560 647 3610 do.
701 3561 735 3609 22
750 3553 895 3608 lancinant
908 3553 996 3609 Solio.
1006 3558 1103 3619 40,25.

141 3629 175 3680 25
196 3625 317 3695 capitale
334 3631 386 3680 Ro.
459 3631 503 3681 25.
518 3632 552 3682 26
571 3627 701 3682 occisisse
718 3631 769 3679 ra.
794 3625 899 3678 -iasisse
914 3629 938 3678 ᾱ.
953 3633 957 3640 “
