2588 3956
307 107 393 160 ΝΑΤ.
412 105 504 160 fflsr.
524 107 588 161 Vm
607 113 712 160 ae—ao
733 110 859 177 (rc-ra)
1031 107 1094 172 105

48 255 196 316 umbros
225 263 413 317 vocaverunt.
464 255 699 316 infirmissimum
725 258 828 334 pecori
858 264 959 336 caput,
992 275 1092 336 quam-

48 345 171 404 obrem
201 362 339 406 aversum
362 363 378 404 a
402 345 463 404 sole
486 346 568 422 pasci
592 344 765 422 cogendum.
808 363 896 423 quam
920 345 1093 406 stultissima

48 433 244 494 animalium
258 432 364 494 lanata.
393 451 451 511 qua
465 435 591 494 timuere
606 433 732 514 ingredi,
750 452 844 494 unum
862 452 957 494 cornu
976 443 1094 514 raptum

49 530 251 601 sequuntur.
276 523 335 582 vita
354 521 524 600 longissima
544 524 613 582 anni
631 537 664 600 x,
683 524 714 581 in
728 522 883 600 Aethiopia
899 537 973 582 xm.
998 525 1094 602 capris

23 611 175 672 oeodem
202 611 269 670 loco
294 625 341 690 xl,
364 613 396 670 in
418 610 534 689 reliquo
558 608 629 669 orbe
653 610 816 690 plurimum
839 613 947 671 octoni.
979 619 1094 672 utrum·

50 718 116 777 que
144 718 252 777 genus
276 700 354 760 intra
377 706 518 778 quartum
540 701 652 760 coitum
675 699 823 778 impletur.

128 781 201 850 50.
225 781 301 870 (76)
339 786 450 867 Caprae
473 790 594 867 pariunt
617 797 647 848 et
670 795 845 868 quaternae,
869 789 921 848 sed
944 807 1012 869 raro
1036 789 1147 849 adaco

52 877 204 938 modum.
242 877 344 937 semrnt
367 892 391 937 v
414 876 580 958 mensibus,
604 885 637 936 ut
660 895 738 936 oves,
781 880 866 955 capri
886 877 1094 956 pinguitudine

52 965 274 1026 sterilescunt.
306 973 373 1026 ante
393 967 498 1025 trimos
522 967 619 1026 miuus
643 965 757 1026 utiliter
775 973 918 1043 generant
942 968 1025 1026 etin
1049 985 1093 1025 se·

16 1069 40 1106 1⁰
55 1063 152 1114 necta
188 1073 246 1114 nec
276 1053 353 1114 ultra
381 1053 617 1133 quadriennium.
664 1055 811 1132 incipiunt
838 1056 964 1133 septimo
992 1072 1093 1114 mense

55 1151 86 1204 et
113 1141 224 1204 adhuc
249 1142 401 1203 lactentes.
432 1141 570 1203 mutilum
593 1144 624 1202 in
644 1150 771 1219 utroque
796 1161 869 1202 sexu
893 1141 1004 1202 utilius.
1034 1145 1093 1221 pri·

57 1249 130 1291 mus
158 1234 195 1292 in
215 1231 264 1290 die
284 1233 381 1291 coitus
400 1249 459 1290 non
479 1230 591 1311 implet,
615 1249 743 1310 sequens
763 1232 912 1292 efficacior
930 1249 963 1290 ac
979 1231 1093 1292 deinde.

58 1322 250 1399 concipiunt
273 1318 433 1380 Novembri
461 1337 563 1380 mense
592 1327 625 1380 ut
648 1319 753 1380 Martio
780 1321 897 1399 pariant
921 1328 1093 1398 turgescen-

60 1407 148 1468 tibus
175 1409 325 1490 virgultis,
348 1408 505 1486 aliquando
528 1408 692 1490 anniculae,
716 1427 835 1487 semper
856 1409 962 1489 bimae,
987 1411 1018 1467 in
1041 1411 1094 1468 tri-

24 1512 46 1550 15
60 1505 150 1558 matu
183 1496 283 1557 utiles
329 1499 450 1576 pariunt
477 1499 592 1557 octonis
621 1499 713 1557 annis.
760 1497 882 1558 abortus
910 1497 1016 1576 frigori
1043 1496 1093 1555 ob-

62 1588 189 1646 noxius
244 1585 347 1645 oculos
384 1585 514 1646 suffusos
547 1603 634 1664 capra
675 1588 757 1646 iunci
793 1595 907 1665 punctu
943 1588 1085 1664 sangnine
1096 1594 1147 1643 201

64 1682 232 1753 exonerat,
256 1693 345 1753 caper
368 1674 444 1735 rubi.
480 1673 641 1734 sollertiam
664 1677 729 1735 eius
753 1676 886 1734 animalis
909 1665 1095 1735 Mucianus

64 1765 165 1824 risam
194 1761 254 1823 sibi
281 1763 412 1842 prodidit
439 1765 470 1823 in
493 1772 583 1842 ponte
611 1765 780 1843 praetenui,
813 1763 928 1824 duabus
956 1763 1050 1823 obviis
1079 1781 1094 1822 e

68 1850 192 1912 diverso
218 1869 288 1912 cum
311 1853 525 1912 circumactum
549 1855 700 1930 angustiae
725 1871 785 1912 non
807 1860 948 1931 caperent
970 1871 1025 1912 nec
1049 1870 1094 1910 re·

30 1942 308 2018 reciprocationem
330 1927 484 2020 longitudo
507 1943 538 2000 in
562 1940 691 2001 exilitate
716 1959 811 2022 caeca,
833 1949 967 2000 torrente
992 1940 1094 2019 rapido

69 2031 231 2090 minaciter
256 2029 482 2109 subterfluente,
505 2030 628 2090 alteram
651 2029 829 2090 decubuisse
850 2037 937 2106 atque
960 2031 1001 2088 ita
1025 2028 1094 2088 alte-

69 2135 135 2178 ram
154 2117 346 2197 proculcatae
368 2136 599 2197 supergressam.
626 2137 723 2178 mares
738 2136 827 2196 quarn
845 2118 971 2177 manime
987 2119 1148 2195 simosaoa

71 2205 170 2285 longis
197 2205 322 2267 auribus
345 2208 553 2286 intractisque,
583 2209 673 2267 armis
697 2224 786 2285 qnam
808 2205 1004 2266 villosissimis
1026 2223 1094 2284 pro·

71 2293 152 2357 bant.
197 2295 377 2355 seminarum
399 2297 609 2374 generositatis
632 2297 748 2374 insigne
771 2295 894 2355 laciniae
919 2292 1095 2372 corporibus

40 2397 89 2440 ue
117 2387 238 2444 cervice
266 2383 353 2444 binae
381 2383 592 2463 dependentes
639 2403 699 2444 uon
726 2382 864 2444 omnibus
888 2402 1021 2462 cornua„
1040 2375 1095 2442 ¹sed

75 2471 184 2548 quibus
214 2480 298 2552 sunt,
329 2475 361 2532 in
388 2472 435 2532 his
463 2481 493 2532 et
511 2473 628 2533 'indicia
656 2491 802 2533 annorum
829 2491 883 2552 per
911 2475 1096 2532 incrementa

75 2561 231 2622 nodorum.
278 2561 390 2622 mutilis
413 2560 497 2622 lactis
525 2564 619 2622 maior
642 2561 772 2623 ubertas.
818 2561 940 2622 auribus
964 2579 1013 2621 eas
1037 2562 1095 2638 spi·

77 2667 155 2731 rare,
180 2667 242 2709 non
265 2648 401 2730 naribuS‚
427 2665 485 2710 'nec
508 2669 649 2729 umquam
673 2651 750 2710 febri
773 2668 875 2710 carere
899 2648 1095 2709 Archelaus

78 2747 180 2799 auctor
205 2745 259 2798 est.
305 2739 373 2799 ideo
397 2740 531 2799 fortassis
558 2741 655 2799 anima
678 2739 725 2798 his
748 2756 837 2817 quam
860 2737 964 2799 ovibus
991 2737 1094 2798 arden-

46 2837 68 2877 ³0
80 2827 134 2887 tior
158 2827 375 2906 calidioresque
396 2826 580 2904 concubitus.
604 2828 731 2888 tradunt
749 2819 779 2888 dt
798 2835 887 2888 noctu
909 2845 969 2887 non
989 2829 1148 2886 minueres

81 2933 202 2977 cernere
228 2934 316 2994 quam
334 2917 481 2978 interdiu:
504 2917 585 2997 ideo,
609 2919 634 2976 si
654 2919 807 2995 caprinum
825 2919 910 2976 iecur
930 2922 1096 2995 vescantur,

149 3160 324 3213 luccarunt
341 3163 394 3212 Ed.
479 3159 610 3213 coetoni
627 3158 669 3214 1².
688 3174 738 3212 ont.
758 3175 780 3210 r.
809 3159 859 3224 cfr.
875 3159 1001 3212 Aristh.
1016 3159 1101 3211 a..VI

84 3233 115 3282 19
123 3225 153 3298 p‘.
165 3229 263 3295 57313,
272 3235 319 3284 23.
357 3234 373 3283 8
394 3230 471 3298 capri
485 3229 639 3284 Schneider.
654 3230 692 3284 od
702 3230 871 3284 Golomstll
880 3235 907 3296 6,
917 3234 943 3284 3.
964 3245 1023 3282 -rac
1038 3229 1095 3282 lto.

149 3307 166 3354 9
189 3302 327 3369 generant
340 3332 373 3339 -
389 3305 423 3353 10
445 3317 497 3354 nec
508 3299 585 3353 ’ΒΨ
608 3301 664 3369 (aed
678 3299 707 3353 ι’
725 3316 775 3355 ont.
790 3301 851 3366 nec)
870 3317 894 3354 o.
909 3316 960 3355 om.
974 3317 998 3352 r.
1063 3304 1095 3352 15

87 3369 162 3425 utiles
177 3371 257 3424 Pirat.
272 3373 330 3424 coit.
346 3371 449 3426 Colum.
465 3374 523 3423 VII
533 3376 560 3437 6,
570 3377 596 3426 8.
622 3371 735 3425 inutiles
755 3371 782 3424 ll.
800 3374 803 3439 Ι
825 3371 939 3425 abortus
956 3387 981 3424 o.
1005 3370 1053 3422 -tis
1068 3371 1095 3423 u.

90 3449 92 3492 t
115 3440 214 3510 frigori
235 3458 261 3496 a.
290 3459 331 3496 -re
353 3447 428 3496 lteri.
459 3441 582 3511 iorigore
606 3448 661 3495 Dr.
735 3447 769 3497 16
791 3444 897 3512 punctu
921 3442 1010 3495 Hard.
1038 3442 1096 3495 -cto

87 3510 137 3566 ald.
166 3513 242 3566 ntor
261 3529 284 3566 r.
356 3519 390 3566 20
409 3529 494 3567 caeca
512 3515 571 3568 tto.
596 3530 634 3567 cu
652 3511 789 3567 caecam?
862 3517 896 3566 25
915 3529 931 3569 e
949 3511 990 3564 1²².
1014 3527 1047 3564 ae
1067 3512 1097 3563 2²

89 3582 113 3636 ta
128 3599 183 3639 raa.
213 3586 243 3636 et
260 3583 405 3638 reddeat.
426 3602 443 3636 a,
461 3584 527 3637 Dal.
601 3589 632 3636 31
655 3585 684 3636 et
700 3581 764 3637 ideo
784 3584 944 3638 sieddeett.
