2588 3956
226 169 289 234 132
401 213 402 216 ,
575 166 605 222 0.
624 166 722 221 PLINI
741 164 897 221 suenum

223 320 353 398 pariant,
380 316 437 377 hoe
460 334 554 396 genus
580 315 676 376 solum
703 322 793 376 ntea
817 334 891 394 quae
915 323 981 376 cete
1005 316 1154 396 appellant
1179 319 1238 378 ani-

225 405 283 466 mal
306 406 384 485 parit
407 413 532 484 excepta
555 423 644 484 quam
666 422 768 464 ranam
791 412 905 465 vocant.

172 500 206 549 te
295 487 352 554 25.
378 487 453 574 (41)
475 493 530 554 Est
551 511 660 574 parvus
684 492 841 554 admodum
865 493 955 571 piscis
979 493 1122 555 adsuetus
1144 497 1239 574 petris

225 582 365 643 echeneis
388 581 559 662 appellatus.
602 581 659 641 boe
682 583 791 642 carinis
814 580 992 644 adhaerente
1016 599 1105 644 nares
1124 583 1239 643 tardius

223 673 269 732 ire
288 671 453 732 creduntur
471 670 539 732 inde
559 672 679 732 nomine
697 672 836 750 inposito,
859 688 948 748 mam
967 668 1004 729 ob
1024 688 1144 732 causam
1162 687 1273 732 ama-⁵

224 761 310 820 toriis
333 778 451 839 quoque
471 759 621 820 veneficiis
639 759 756 820 infamis
775 767 822 820 est
843 766 874 818 et
892 758 1070 820 iudiciorum
1088 777 1123 820 ac
1142 758 1241 821 litium

224 867 322 928 mora,
352 866 426 927 quae
450 849 574 910 crimina
601 865 661 908 uua
687 846 773 910 laude
796 854 902 928 pensat
929 846 1027 908 fluxus
1051 847 1241 926 gravidarum

225 944 312 997 utero
336 939 445 1006 sistens
468 943 631 1016 partusque
655 937 812 996 continens
838 935 873 996 ad
895 937 1098 1015 puerperium
1144 939 1177 996 in
1203 940 1241 996 ci-

224 1024 279 1086 bos
302 1033 401 1086 tameu
425 1043 485 1086 uon
505 1025 680 1086 admittitur.
720 1023 812 1103 pedes
831 1041 900 1084 eum
917 1023 1027 1086 babere
1046 1023 1242 1104 arbitrantur,

171 1119 206 1170 80
225 1113 442 1174 Aristotcles
465 1115 506 1174 ita
519 1115 615 1192 posita
631 1111 1005 1194 pinnarrunsimilitudine.
1050 1113 1242 1176 Mucianus
1258 1131 1286 1171 ro

225 1204 370 1264 muricem
393 1219 458 1262 esse
482 1201 619 1264 latiorem
640 1219 786 1282 purpura,
811 1219 911 1280 neque
940 1219 1045 1281 aspero
1069 1219 1168 1282 neque
1194 1221 1241 1264 ro·

224 1291 318 1352 tundo
337 1308 389 1351 ore
409 1308 507 1369 neque
526 1292 556 1352 in
575 1289 699 1369 angarios
716 1289 883 1371 prodeunte
902 1297 1011 1370 rostro,
1032 1289 1084 1350 sed
1104 1291 1242 1370 simplice

225 1378 338 1442 concha
361 1387 489 1457 utroque
512 1378 605 1440 latere
627 1397 694 1440 sese
718 1377 883 1457 colligente.
929 1377 1038 1457 quibus
1057 1377 1242 1440 inhaerenti-

224 1466 282 1528 bus
303 1466 421 1546 plenam
440 1469 535 1528 veutis
558 1469 677 1528 stetisse
696 1485 800 1528 navem
818 1473 987 1546 portantem
1005 1469 1125 1527 nuntios
1150 1487 1167 1527 a
1186 1468 1241 1530 Pe-

225 1555 345 1618 riandro
378 1562 412 1615 ut
439 1562 642 1617 castrarentur
671 1555 785 1616 nobiles
813 1557 912 1636 pueri,
944 1555 1131 1634 conchasque
1164 1575 1241 1636 quae
1258 1573 1283 1612 rs

225 1645 255 1704 id
277 1644 483 1724 praestiterint
505 1644 583 1723 apud
607 1643 780 1705 Cnidiorum
803 1643 949 1706 Venerem
972 1643 1039 1704 coli.
1084 1643 1242 1706 Trebius

226 1732 335 1810 Niger
366 1731 501 1811 pedalem
529 1750 594 1792 esse
624 1740 654 1793 et
682 1732 879 1795 crassitudine
909 1736 1041 1812 quinque
1069 1733 1241 1813 digitorum,

226 1839 315 1880 naves
338 1821 462 1900 morari,
491 1828 646 1900 praetcrea
673 1821 748 1882 banc
776 1839 842 1882 esse
866 1823 925 1882 vim
952 1823 1017 1882 cius
1040 1822 1187 1884 adservati
1210 1825 1241 1882 in
1291 1865 1292 1874 t

198 1943 209 1980 .·
226 1908 286 1969 sale
310 1916 344 1969 ut
363 1927 469 1970 aurum
489 1908 568 1987 quod
588 1909 732 1972 deciderit
750 1912 781 1971 in
800 1909 958 1971 altissimos
976 1917 1085 1989 puteos
1103 1909 1240 1974 admotus
1291 1877 1292 1959 l

227 1997 370 2059 extrahat.
1256 2015 1282 2054 so

173 2095 206 2145 81
295 2081 354 2149 td.
385 2081 459 2170 (42)
491 2087 606 2148 Mutant
633 2085 764 2147 colorem
791 2085 949 2148 candidum
975 2104 1079 2147 menae
1108 2096 1139 2148 et
1166 2089 1241 2148 liunt

227 2183 338 2238 aestate
361 2178 517 2255 nigriores.
562 2182 657 2240 mutat
680 2182 710 2236 et
732 2174 848 2255 phycis,
875 2174 991 2254 reliquo
1013 2183 1150 2254 tempore
1173 2195 1238 2237 can-
1290 2213 1291 2248 3

227 2265 307 2346 dida,
338 2284 407 2325 vere
431 2267 518 2326 varia.
574 2264 676 2324 eadem
705 2264 833 2342 piscium
860 2263 922 2324 sola
950 2263 1082 2347 nidificat
1112 2284 1148 2326 ex
1178 2265 1241 2344 alga
1290 2255 1291 2325 l

227 2361 316 2432 atque
338 2356 371 2414 iu
393 2354 463 2413 nido
485 2354 572 2432 parit.

173 2451 208 2500 82
295 2434 369 2522 (43)
401 2438 484 2500 Volat
507 2439 648 2522 hirundo,
672 2459 742 2500 saue
766 2457 910 2520 perquam
933 2441 1037 2502 similis
1060 2441 1174 2516 volucri
1197 2443 1239 2504 hi·
1257 2455 1281 2496 2⁵

229 2530 361 2607 cundici,
391 2530 463 2588 item
485 2527 604 2588 miluus.
651 2523 710 2591 27.
740 2527 820 2590 subit
842 2530 874 2589 iu
898 2547 1013 2592 summa
1035 2525 1127 2592 maria
1150 2533 1239 2610 piscis

228 2631 265 2676 ex
288 2623 462 2696 argumento
486 2616 649 2696 appellatus
672 2617 808 2698 lucerua,
839 2616 997 2698 linguaque
1020 2619 1106 2698 ignea
1129 2638 1183 2699 per
1207 2638 1238 2679 os

229 2712 346 2766 exserta
369 2705 536 2783 tranquillis
555 2705 694 2766 noctibus
713 2706 836 2766 relucet.
873 2706 979 2768 attollit
998 2725 1014 2766 e
1033 2709 1107 2768 mari
1126 2711 1239 2786 sesqui-

228 2792 359 2872 pedanea
383 2793 446 2853 lere
470 2812 582 2855 cornua
611 2812 686 2873 quac
716 2792 751 2855 ab
780 2792 827 2853 his
855 2813 963 2856 nomen
990 2797 1088 2856 traxit.
1134 2815 1241 2858 rursus

229 2881 319 2940 draco
337 2883 469 2942 marinus
488 2889 592 2961 captus
611 2890 699 2960 atque
718 2884 859 2942 inmissus
878 2883 908 2943 in
927 2882 1067 2944 harenam
1086 2903 1240 2946 cavernam
1254 2897 1278 2937 ⁵0

230 2969 286 3029 sibi
310 2978 408 3028 rostro
432 2972 506 3030 mira
530 2970 680 3031 celeritate
705 2969 832 3030 excavat.
880 3051 883 3054 Ι

300 3146 316 3194 9
336 3139 488 3194 arbitratur
501 3158 525 3195 a.
539 3141 603 3196 dist.
613 3142 705 3197 Inuus
720 3141 778 3196 coll.
789 3141 876 3197 Ara'st.
891 3143 916 3196 h.
927 3159 952 3197 a.
963 3144 1037 3196 1114
1046 3159 1077 3210 p.
1090 3143 1185 3212 50513,
1194 3149 1239 3199 21.
1287 3105 1288 3168 l

302 3216 336 3264 10
354 3210 383 3265 id
402 3213 532 3282 apposite
549 3216 598 3266 Μ,
622 3213 688 3266 lutet
705 3213 736 3266 iu
749 3213 793 3266 hie
810 3213 927 3280 sonasse
944 3213 974 3267 id
991 3213 1095 3283 repetit
1112 3231 1130 3270 a
1147 3217 1188 3270 oel
1203 3216 1240 3268 si-

228 3281 291 3338 tule
309 3283 384 3350 quid.
476 3289 509 3338 12
533 3283 585 3338 sim
605 3283 659 3338 lice
677 3282 714 3335 lt*
736 3284 768 3337 iu
785 3300 871 3354 marg.
890 3283 928 3337 α).
965 3284 1045 3354 -plici
1067 3284 1109 3339 1².
1147 3285 1186 3340 sic
1203 3285 1239 3339 αἱ.

226 3353 273 3424 sss!
287 3353 331 3406 12¹.
363 3354 387 3407 si
405 3371 428 3408 r.
445 3357 449 3423 Ι
467 3361 499 3408 13
519 3303 626 3410 conella
643 3355 694 3408 del.
713 3354 754 3407 12.
828 3357 870 3410 '14
887 3354 1002 3410 nuncios
1021 3371 1039 3410 a
1056 3355 1098 3410 1³¹.
1125 3356 1239 3412 nuncios

229 3425 266 3476 12²
284 3439 334 3477 om.
353 3441 376 3479 r.
424 3429 456 3479 15
476 3430 595 3494 quaeat.
614 3442 665 3480 om.
684 3442 707 3479 r.
773 3431 805 3479 18
824 3425 921 3481 inanes
940 3431 1023 3480 Mle.
1090 3432 1123 3481 21
1144 3444 1239 3482 menae

229 3497 313 3549 unu.
340 3495 471 3550 hiemes.
500 3496 529 3550 in
547 3495 682 3551 hiemed
790 3501 824 3550 25
844 3497 964 3554 hirundo
983 3497 1111 3552 d²o.-om.
1130 3515 1153 3552 r.
1286 3539 1287 3544 κ

230 3571 264 3622 26
283 3566 386 3622 miluus
404 3566 483 3620 ΒΨ.
511 3566 594 3622 milus
612 3567 643 3619 dl
661 3568 693 3621 iu
711 3583 765 3621 rue.
793 3567 868 3622 milis
887 3586 910 3623 r.
996 3573 1031 3622 27
1050 3568 1134 3639 ignea
1152 3589 1176 3623 o.
1207 3571 1238 3624 li-

229 3653 303 3706 gnea
321 3642 352 3691 B..
380 3637 485 3692 lineam
502 3641 526 3690 d.
546 3653 595 3692 om.
615 3655 637 3692 r.
1284 3655 1285 3660 ¹
