2624 3954
215 107 280 172 322
571 106 601 160 C.-
619 106 719 160 PLINI
732 95 897 161 'sudorum

214 275 341 336 utrmque
370 257 495 318 lautiora
522 258 618 316 utitur
641 255 760 335 Assyria
791 263 820 315 et
850 262 912 316 tota
940 253 1051 316 Persis,
1102 264 1176 316 suut
1207 263 1239 316 et

123 417 127 424 f
215 347 342 406 caeduae
366 345 530 426 palmarum
553 363 672 424 quoque
701 344 803 425 silvae,
831 362 938 404 rursus
965 346 1168 423 germinantes
1199 345 1238 406 ab

214 436 313 496 radice
337 437 478 495 succisae.
516 434 611 494 dulcis
633 433 761 495 medulla
784 451 886 494 earum
910 435 941 493 in
965 436 1128 516 cacumine,
1153 434 1238 512 quod

214 523 373 586 cerebrum
400 519 560 606 appellant,
589 529 782 603 exemptaque
810 524 927 604 vivunt,
953 522 1033 601 quod
1060 541 1121 584 non
1150 522 1236 584 aliae.

213 621 357 674 vocantur
380 621 480 674 autem
503 612 723 693 chamaeropeS,
746 611 816 672 folio
839 611 943 672 latiore
967 631 1001 673 ac
1024 612 1107 672 molli
1129 611 1168 672 ad
1194 615 1262 672 via

214 703 276 764 tilia
298 703 483 784 utilissimae,
507 703 643 782 copiosae
671 703 703 760 in
727 699 827 782 Creta,
860 701 911 761 sed
939 703 1033 780 magis
1060 703 1092 762 in
1122 699 1236 762 Sicilia.

161 799 230 852 40e
261 792 365 872 palmis
394 810 508 872 prunae
539 793 653 850 vivaces
682 791 820 868 ignisque
850 791 957 850 lentus
1007 791 1236 851 fructiferarum

214 880 278 941 aliis
301 880 421 942 brevius
445 881 557 960 lignum
580 882 612 939 in
639 897 749 960 pomo,
773 879 838 940 aliis
866 879 996 960 longius,
1028 879 1076 939 his
1103 879 1237 961 molliuS,

214 969 271 1029 illis
302 969 421 1050 duride,
453 968 631 1048 quibusdam
665 985 798 1050 osseum,
830 967 968 1029 limarum
1002 967 1090 1028 dente
1127 977 1237 1029 contra

214 1060 392 1119 fascinantes
429 1057 572 1136 religione
608 1056 741 1137 politum.
801 1057 881 1118 aliud
916 1056 1053 1137 pluribus
1089 1059 1236 1120 vestitum
1251 1075 1274 1113 ιο

214 1147 440 1227 paucioribusve
460 1148 578 1228 tunicis,
602 1145 681 1206 aliud
704 1145 901 1206 crassioribus
925 1146 1159 1208 tenuioribusve.
1192 1149 1238 1208 ita

214 1238 291 1297 fnmt
313 1235 607 1315 undequinquaginta
629 1253 752 1316 genera,
780 1237 805 1296 si
833 1237 900 1314 quis
928 1238 1062 1296 omnium
1088 1239 1239 1314 persequi

153 1390 159 1395 ,
216 1326 285 1385 velit
307 1327 426 1386 nomina
449 1327 538 1386 etiarn
555 1323 681 1384 barbara
703 1325 900 1402 vinorumque
924 1343 961 1384 ex
984 1326 1021 1384 iis
1039 1324 1238 1388 differentiae.

161 1421 193 1470 41
215 1414 394 1475 clarissimae
419 1415 567 1494 omnium,
590 1431 663 1492 quas
686 1413 783 1492 regias
808 1412 991 1493 appellavere
1015 1413 1052 1474 ob
1075 1413 1238 1496 honorem,

215 1505 354 1583 quoniam
383 1503 505 1582 regibus
535 1509 651 1564 tantum
679 1501 811 1563 Persidis
842 1501 1049 1584 servabantur,
1080 1501 1237 1583 Babylone
1253 1519 1274 1559 n

214 1601 299 1654 natae
323 1611 383 1652 uno
406 1593 437 1651 in
455 1583 543 1652 horto
561 1590 671 1670 Ragau.
706 1593 748 1652 ita
770 1599 877 1652 vocant
900 1591 1054 1674 spadones
1078 1593 1131 1670 qui
1155 1593 1240 1672 apud

214 1700 266 1741 eos
286 1683 374 1742 etiam
392 1699 563 1760 regnavere.
590 1680 696 1741 hortus
714 1679 763 1741 ille
786 1698 948 1758 numquam
971 1683 1029 1741 nisi
1052 1679 1239 1743 dominantis

159 1770 334 1831 42166616
361 1771 426 1830 fuit.
452 1777 501 1830 'at
528 1772 559 1830 in
587 1769 749 1830 meridiano
777 1769 849 1829 orbe
877 1771 1068 1850 praecipuam
1095 1773 1241 1849 optinent

214 1858 397 1920 nobilitatem
421 1861 517 1938 syagri
544 1861 767 1940 proximamque
796 1859 985 1938 margarides.
1031 1858 1086 1918 hae
1114 1859 1238 1942 breves,

215 1948 367 2030 candidae,
390 1949 549 2028 rotundae,
573 1949 666 2008 acinis
689 1966 778 2026 quam
801 1946 912 2007 balanis
936 1947 1108 2028 similiores,
1138 1967 1237 2027 quare
1252 1966 1273 2004 eo

215 2046 245 2098 et
274 2056 383 2098 nomen
413 2056 429 2098 a
458 2039 625 2116 margaritis
655 2055 807 2116 accepere.
859 2055 918 2096 una
948 2054 1051 2110 earum
1081 2037 1174 2098 arbor
1206 2042 1239 2100 in

215 2125 311 2186 Chora
334 2145 400 2187 esse
424 2126 564 2207 traditur,
593 2144 651 2186 una
674 2132 705 2186 et
728 2144 915 2206 syagrorum,
939 2127 1106 2204 mirumque
1137 2127 1176 2188 de
1204 2148 1239 2189 66

214 2217 385 2297 accipimus,
408 2233 478 2276 cum
496 2214 641 2295 phoenice
665 2232 726 2296 ave,
749 2232 825 2293 quae
848 2222 973 2294 putatur
996 2233 1032 2275 ex
1055 2214 1147 2276 huius
1172 2218 1238 2296 pal·

215 2323 279 2365 mae
304 2312 479 2384 argumento
501 2322 611 2365 nomeu
633 2305 793 2386 accepisse,
815 2305 973 2364 intermori
996 2322 1030 2364 ac
1053 2307 1174 2365 renasci
1201 2326 1237 2368 ex

118 2405 120 2409 ·
161 2401 194 2450 43
216 2413 247 2454 se
271 2395 350 2474 ipsa,
373 2400 510 2476 eratque,
533 2412 602 2455 cum
624 2391 796 2475 proderem,
823 2392 938 2453 fertilis,
982 2410 1106 2473 pomum
1133 2396 1271 2474 ipsumn

214 2483 339 2564 grande,
367 2482 489 2564 durum,
515 2482 671 2543 borridum
695 2489 725 2542 et
747 2501 764 2542 a
792 2483 900 2542 ceteris
928 2482 1089 2560 generibus
1117 2482 1239 2546 distans

215 2590 320 2651 sapore
344 2571 472 2650 quodam
494 2572 607 2632 ferinae
631 2573 662 2630 in
685 2572 765 2651 apris
789 2570 1019 2652 evidentissimo,
1043 2589 1119 2650 quae
1145 2591 1239 2636 causa

214 2662 351 2721 nominis.
397 2667 501 2739 quarta
525 2661 686 2721 auctoritas
709 2658 893 2721 sandalidum
916 2678 932 2719 a
960 2659 1154 2721 similitudine
1185 2682 1237 2743 ap-

286 2891 302 2939 5
327 2885 547 2954 chemaerhopes
565 2890 600 2938 Ι.
638 2901 777 2954 -meropes
795 2884 882 2940 rDal.
920 2900 1074 2954 maerepee
1093 2887 1156 2940 edd.
1170 2895 1237 2942 unte

213 2957 399 3012 BorbHurd.
487 2955 687 3011 dubilissimae
705 2962 740 3011 lt.
773 2974 831 3011 ·m0
850 2973 894 3010 ro.
972 2956 1140 3024 blimarum
1159 2957 1236 3014 Detl.

213 3029 284 3098 lym·
298 3032 333 3081 ll.
355 3028 539 3096 limatumque
553 3029 665 3083 Dacdd.
675 3028 832 3083 unteBnrb.
856 3027 1038 3095 lunatumque
1054 3027 1166 3084 dBarb.

215 3106 248 3156 13
263 3098 421 3153 differentia
438 3103 473 3154 ll.
549 3105 582 3152 14
600 3099 636 3153 ob
654 3099 790 3154 honorem
808 3117 832 3153 a.
860 3097 897 3152 ad
914 3099 964 3153 ho·
978 3103 1014 3152 li.
1042 3099 1078 3153 ab
1097 3115 1141 3153 -re
1159 3104 1236 3158 ned.

215 3171 272 3226 eet
301 3171 336 3225 ab
355 3169 444 3224 -ribus
462 3169 661 3225 edd.anicGel.
726 3175 759 3226 15
780 3170 1012 3225 cernebanturli.
1041 3173 1171 3226 -areniur
1188 3190 1235 3228 re.

285 3247 319 3296 20
342 3241 480 3296 rotundae
499 3257 549 3295 om.
568 3247 603 3301 lt,
711 3249 746 3295 24
771 3243 845 3296 mter
863 3241 935 3294 mori
953 3246 988 3294 at.
1020 3239 1095 3295 inter
1113 3260 1182 3298 mon
1202 3250 1235 3300 B.

214 3313 418 3368 itermorin1.
451 3312 553 3366 iterum
571 3313 643 3367 mori
661 3314 741 3368 redd.
752 3317 816 3367 unte
826 3313 883 3368 oet
893 3312 986 3366 Hand.
1014 3313 1103 3367 emori
1121 3315 1236 3371 ed.Gel.

286 3391 320 3440 27
339 3384 462 3452 quodam
478 3389 515 3441 Π.
542 3383 658 3452 quidam
674 3390 707 3438 Β.
734 3389 783 3454 qa'fi
799 3389 851 3437 nd.
879 3400 963 3452 quem
981 3388 1005 3437 ι’.
1037 3382 1128 3439 ferino
1147 3403 1237 3454 quem

214 3473 238 3510 o.
255 3456 260 3524 Ι
275 3455 381 3510 ferinae
394 3453 470 3511 1²12.
499 3471 545 3509 -ne
564 3454 658 3525 emt).
685 3454 803 3510 feminae
816 3456 865 3510 11¹.
891 3453 980 3508 ferme
999 3460 1068 3509 dra.
1085 3457 1090 3526 l
1105 3456 1137 3510 in
1156 3459 1236 3528 apris

214 3525 344 3581 nouimus
363 3531 411 3580 To.
432 3527 436 3594 Ι
457 3526 666 3582 euidentissimo
685 3544 756 3595 quae
774 3526 879 3598 ηυξ).
907 3528 1016 3580 seuenb
1035 3545 1059 3580 a.
1088 3531 1189 3584 euent-
1209 3535 1235 3584 d.

214 3595 462 3664 uidentissimeque
479 3603 510 3650 R.
540 3597 617 3651 evid·
636 3615 660 3654 o.
