2608 3958
199 122 221 186 8
550 121 579 175 O.
599 121 698 188 PLINI
717 120 874 176 SECUNDI

206 271 332 331 Crates
361 270 563 349 Pergamenus
591 269 680 330 Indos
708 273 759 348 qui
787 276 929 330 centenos
958 287 1051 332 annos
1078 269 1235 329 excedant

206 359 366 440 Gymnetas
390 359 524 438 appellat,
547 377 607 418 non
630 361 718 438 pauci
736 357 908 419 Macrobioe.
938 357 1079 419 Ctesias
1102 365 1233 436 gentem

205 467 242 508 ex
256 447 304 508 his
318 466 394 526 quae
413 447 578 527 appelletur
591 447 751 528 Pandarae,
774 450 805 508 in
824 445 1005 508 convallibus
1023 449 1110 508 sitam
1129 464 1232 506 annos

206 538 338 598 ducenos
357 539 465 618 vivere,
487 539 518 596 in
536 538 657 596 iuventa
675 537 798 596 candido
822 535 927 615 capillo
946 537 1048 620 quiin
1068 543 1231 595 senectute

152 633 187 681 29
207 629 369 708 nigrescat,
403 633 506 686 contra
533 625 606 686 elios
629 625 833 703 quadragenos
860 642 920 684 non
949 625 1092 684 excedere
1117 638 1258 705 annoso

205 717 325 775 iunctos
343 713 519 795 'Macrobiis
549 731 677 793 quorum
700 714 826 774 leminae
850 712 941 772 semel
963 715 1087 791 pariant.
1133 712 1230 791 idque

206 811 241 863 et
260 803 546 882 Agatharchides
574 803 674 863 tradit.
718 810 873 880 praeterea
899 801 1024 861 locustis
1051 819 1102 861 eos
1128 801 1168 860 ali
1199 811 1231 861 et

207 911 274 952 esse
302 894 448 971 pernices.
494 890 669 952 Mardorum
696 909 805 951 nomen
832 893 869 950 iis
896 890 978 950 dedit
1004 889 1229 970 Clitarchus,

97 984 99 987 ’
207 970 238 1040 et
257 979 507 1059 Megasthenes
530 987 682 1040 trecentos
703 997 810 1039 eorum
826 981 907 1039 vicos
930 979 1112 1039 adnumerat.
1140 974 1228 1040 lemi-

208 1087 262 1130 nas
291 1071 418 1148 septimo
446 1071 550 1130 aetatis
578 1087 655 1129 anno
678 1087 797 1148 parere,
825 1075 976 1128 senectam
999 1068 1229 1146 quadragesimo
1244 1081 1272 1118 1⁰

154 1163 189 1212 30
209 1159 353 1218 accidere.
384 1158 634 1218 Artemidorus
657 1159 689 1216 in
708 1155 881 1236 Taprobane
905 1157 1001 1216 insula
1023 1155 1230 1234 longissimam

208 1249 297 1306 vitam
322 1249 385 1306 sine
409 1246 469 1306 ullo
489 1247 623 1326 corporis
642 1245 783 1324 languore
803 1245 926 1306 traduci.
955 1247 1065 1305 Buris
1083 1244 1230 1305 Indorum

209 1336 353 1414 quosdam
368 1354 436 1395 cum
451 1335 524 1396 feris
538 1337 618 1395 coire
634 1337 801 1412 mixtosque
820 1341 850 1394 et
864 1333 1018 1394 semiferos
1034 1352 1099 1394 esse
1112 1342 1228 1412 partus,

208 1427 249 1483 in
270 1423 401 1502 Calingis
430 1425 563 1484 eiusdem
588 1422 687 1483 Indiae
716 1430 803 1501 gente
833 1423 1039 1500 quinquennes
1067 1424 1228 1501 concipere

209 1513 348 1592 feminae,
372 1520 508 1572 octavum
531 1514 607 1572 vitae
631 1529 742 1571 annum
765 1529 825 1571 non
849 1511 1001 1571 excedere.
1022 1543 1063 1553 —
1088 1503 1134 1592 (et
1157 1509 1270 1570 alihi1⁵

210 1600 304 1659 cauda
328 1599 430 1660 villosa
452 1599 587 1660 homines
612 1603 693 1660 nasei
715 1602 901 1679 pernicitatis
919 1601 1057 1680 eximiae,
1080 1599 1152 1658 alios
1176 1617 1227 1660 au·

209 1687 295 1748 rihus
319 1695 398 1749 totos
422 1683 564 1772 contegi.)
589 1721 630 1730 -

279 1775 377 1836 Oritas
401 1775 437 1836 ah
460 1776 541 1837 Indis
564 1776 668 1837 Arabis
691 1777 799 1838 tluvius
822 1778 1017 1838 disterminat.
1057 1777 1089 1837 hi
1111 1775 1228 1838 nullum

133 1885 134 1889 ¹
169 1899 171 1904 ,
210 1865 301 1925 alium
332 1864 431 1924 cihum
461 1884 570 1926 novere
600 1883 687 1944 quem
715 1867 855 1947 piscium,
888 1884 972 1944 quos·
990 1865 1140 1944 unguibus
1168 1866 1227 1927 dis-

210 1961 309 2014 sectos
338 1954 399 2013 sole
428 1962 562 2015 torreant
590 1963 678 2034 atque
707 1957 748 2015 ita
770 1973 876 2033 panem
906 1973 942 2014 ex
969 1953 1016 2014 his
1040 1955 1161 2036 faciant,
1193 1963 1228 2016 ut
1242 1969 1269 2007 2⁰

154 2050 187 2096 31
209 2043 304 2104 refert
335 2041 550 2104 Clitarchus.
601 2043 784 2122 Trogodytas
815 2062 905 2121 super
935 2041 1120 2123 Aethiopiam
1148 2043 1227 2103 velo-

209 2133 307 2192 ciores
341 2134 426 2209 equis
458 2151 525 2192 esse
557 2131 759 2210 Pergamenus
792 2131 933 2217 Crates,
963 2134 1036 2191 item
1068 2131 1227 2212 Aethiopas

209 2229 316 2280 octone
335 2219 436 2281 cubita
454 2221 638 2299 longitudine
658 2221 815 2300 excedere3
840 2219 981 2300 Syrhotas
995 2223 1094 2281 vocari
1105 2229 1228 2299 gentem

209 2327 283 2370 eam.
330 2309 496 2370 Nomadum
526 2308 704 2388 Aethioptnn
733 2310 898 2370 secundum
927 2308 1038 2369 llumcn
1068 2310 1226 2388 Astragum

209 2398 245 2458 ad
266 2399 500 2476 septentrionem
516 2401 705 2477 vergentium
724 2416 797 2476 gens
816 2397 1060 2464 Menisminorum
1084 2397 1226 2478 appellata
1240 2412 1266 2452 2⁵

209 2484 295 2545 ahest
323 2485 359 2545 ah
383 2505 493 2546 oceano
522 2486 638 2546 dierum
665 2489 772 2547 itinere
796 2488 908 2565 viginti.
954 2487 1124 2547 animalium
1151 2507 1225 2568 quae

171 2609 173 2612 -
210 2572 426 2652 cynocephalos
449 2593 588 2635 vocamus
611 2575 687 2636 lacte
710 2577 793 2656 vivit,
822 2593 950 2654 quorum
977 2582 1110 2636 armenta
1132 2574 1245 2657 pascit

154 2670 189 2716 ee
210 2660 343 2722 maribus
365 2664 553 2743 interemptis
571 2672 781 2743 praeterquam
800 2663 912 2724 subolis
931 2683 1027 2725 eausa.
1041 2662 1046 2668 ’
1062 2667 1093 2724 in
1111 2666 1225 2742 Airieae

1292 3489 1293 3520 l

1292 3537 1293 3568 l

1292 3575 1293 3616 t

1292 3623 1293 3654 l

280 2891 296 2938 2
317 2883 471 2954 Gymnetes
485 2903 509 2942 o.
528 2888 579 2954 cfr.
595 2887 695 2942 Strabo
709 2892 745 2942 15
759 2904 789 2955 p.
798 2891 860 2942 719.
885 2891 990 2942 -uestos
1007 2889 1052 2943 12¹.
1079 2892 1182 2944 -nestas
1199 2908 1223 2946 r.

262 2962 278 3010 3
302 2956 427 3025 pendere
449 2957 542 3010 illel
572 2958 650 3013 -dore
673 2963 697 3012 d.
732 2958 809 3012 -dere
832 2959 895 3012 Ν.
968 2965 985 3013 8
1010 2961 1173 3014 mendorum
1195 2962 1224 3018 ll.

208 3027 369 3081 Pandarum
388 3029 457 3083 coni.
478 3028 556 3084 Pint.
575 3031 626 3096 cfr.
646 3029 704 3084 Uri.
722 3031 797 3083 etad.
817 3035 915 3086 olto.
978 3037 994 3084 9
1012 3033 1151 3086 trecentos
1169 3049 1223 3102 epo.

209 3099 237 3152 ll.
257 3098 366 3152 addent
384 3115 451 3166 que,
469 3099 543 3154 Detl.
562 3117 682 3168 quoque.
752 3106 784 3154 12
804 3099 888 3154 Duris
906 3117 931 3154 o.
954 3101 1031 3156 uiros
1049 3101 1093 3156 12².
1116 3102 1181 3156 iuris
1197 3121 1223 3158 r.

264 3176 297 3222 14
322 3168 446 3239 Calingis
468 3170 556 3225 Barh.
585 3171 725 3240 quolingis
748 3176 780 3225 B.
808 3188 863 3239 quo
887 3171 991 3242 linguis
1012 3176 1037 3226 d.
1066 3173 1181 3243 colingis
1197 3192 1223 3229 r.

264 3247 297 3294 15
321 3242 403 3294 aerbo
426 3244 455 3294 et
473 3241 542 3296 alibi
561 3273 593 3282 -
615 3242 727 3312 contegi
749 3243 878 3297 videntur
895 3245 1102 3312 transponenda
1119 3261 1170 3300 cese
1190 3247 1223 3300 in

210 3317 225 3378 ἓ
244 3315 283 3367 23
297 3317 363 3380 post
382 3311 489 3366 Ctesias
508 3313 616 3368 scribit:
636 3314 686 3380 cfr.
702 3313 770 3368 Otes.
789 3315 836 3368 rel.
855 3315 896 3369 ed.
907 3314 1009 3368 Baehr.
1027 3333 1055 3384 p.
1067 3320 1139 3372 eet.
1157 3321 1220 3373 257.

281 3389 315 3436 16
338 3381 430 3451 pilose
448 3386 497 3437 dd.
571 3389 604 3437 18
629 3383 722 3438 Oritas
743 3384 831 3438 Barh.
860 3385 960 3440 soritas
980 3387 1007 3440 ll.
1080 3393 1114 3440 23
1138 3387 1219 3442 sirbo-

208 3457 252 3506 tas
271 3459 302 3507 u.
375 3458 409 3507 25
428 3454 675 3511 moenieminornm
693 3455 737 3509 ΕΙ.
765 3455 911 3510 domorum
929 3455 966 3508 11²
984 3473 1030 3525 ap.
1048 3457 1121 3512 Dect.
1148 3475 1218 3512 mee·

207 3524 362 3578 nismorum
380 3524 421 3578 1³².
499 3531 672 3593 eoquorum
689 3525 726 3580 3²
745 3544 790 3598 ap.
804 3527 876 3584 Dett.
896 3530 921 3583 d.
948 3545 1067 3598 quarum
1085 3546 1108 3583 r.
1143 3531 1146 3598 l
1177 3545 1218 3584 ar-

208 3597 286 3650 meta
303 3595 340 3647 12¹
358 3613 403 3666 op.
418 3596 490 3652 Dett.
509 3601 586 3650 ltro.
