2588 3956
313 134 398 188 Nar.
417 135 510 190 Hiar.
529 135 569 188 ix
587 141 693 192 ac-ao
712 139 838 206 (as-co)
1020 138 1098 202 143·

63 287 203 363 utrisque
226 283 351 346 Veneris
380 283 503 345 auribus
530 283 640 344 Romae
671 287 701 346 in
725 284 857 346 Pantheo
886 285 1006 346 dimidia
1034 305 1081 346 eo-

62 392 138 434 rum
161 392 238 434 cena

136 455 207 544 (59)
230 461 298 522 Non
321 462 420 522 serent
442 461 518 521 hanc
541 460 667 540 palmam
691 461 957 542 spoliabunturque
981 465 1069 524 etiarn
1081 469 1131 520 122

61 551 200 610 luxuriae
224 550 325 630 gloria.
360 543 446 628 prior
469 550 499 610 id
523 551 635 612 fecerat
653 550 764 611 Romae
787 554 818 611 in
837 550 998 613 unionibus
1021 571 1081 612 ma·

34 656 142 718 agnae
165 641 322 700 taxationis
346 637 466 699 Clodius
493 639 627 718 tragoedi
649 640 758 718 Aesopi
780 640 872 721 filius,
900 640 1021 702 relictus
1045 640 1081 700 ab

60 747 100 788 eo
126 731 158 789 in
182 728 289 808 amplis
312 726 418 806 opibus
441 726 529 789 heres
558 761 600 769 -
629 747 666 789 ne
694 731 882 789 triumviratu
911 747 965 789 suo
994 731 1082 790 nimis

61 817 219 896 superbiat
238 817 385 876 Antonius
408 834 502 894 paene
520 816 658 877 histrioni
679 825 867 895 comparatus
891 851 943 898 -,
966 825 996 878 et
1017 821 1081 897 qui-

59 906 133 966 dem
156 905 238 966 nulla
262 907 420 984 sponsione
445 905 481 965 ad
505 905 561 966 hoc
583 906 749 985 productus
773 939 814 948 ——
839 924 898 984 quo
922 908 1014 985 magis
1035 925 1081 966 re-

25 1029 28 1036 ·
60 997 146 1072 gium
167 995 220 1055 fiat
244 1018 295 1074 ——,
319 993 372 1054 sed
395 1000 429 1053 ut
446 979 801 1072 ffllmiffgloria
823 993 912 1073 palati
941 994 1082 1072 quidnam

21 1098 45 1136 10
59 1091 205 1162 saperent
228 1083 413 1163 margaritae,
436 1088 524 1161 atque
548 1090 582 1142 ut
602 1085 677 1142 mire
694 1083 844 1164 placuere,
867 1079 1005 1143 ne'solus
1023 1083 1081 1143 hoc

59 1175 164 1252 sciret,
183 1171 319 1250 singulos
338 1173 465 1231 uniones
480 1172 611 1231 convivis
630 1189 749 1250 quoque
769 1170 971 1232 absorbendos
990 1169 1079 1232 dedit.

58 1261 173 1322 Romae
202 1263 234 1320 in
257 1262 461 1340 promiscuum
484 1278 517 1319 ac
541 1261 729 1338 frequentem
752 1278 842 1320 usum
865 1262 981 1320 venisse
1004 1260 1130 1320 Ale-123

58 1350 194 1410 xandrea
212 1351 245 1409 in
264 1348 411 1408 dicionem
430 1350 558 1428 redacta,
580 1350 711 1427 primum
730 1356 829 1409 autern
848 1351 982 1428 coepisse
1002 1351 1080 1408 circa

60 1437 185 1499 Sullana
204 1445 339 1516 tempora
358 1439 487 1497 minutas
507 1445 537 1497 et
556 1436 628 1497 viles
651 1436 857 1498 Fenestella
879 1437 970 1498 tradit
988 1440 1079 1496 mani-

22 1541 45 1580 15
60 1529 140 1588 festo
165 1543 280 1606 errore,
304 1544 372 1586 curn
391 1525 513 1586 Aelius
533 1525 625 1585 Stilo
644 1525 819 1605 Iugurthino
838 1525 915 1587 bello
936 1527 1081 1586 unionum

59 1634 173 1676 nomen
197 1617 358 1694 inpositum
381 1616 507 1674 maxime
531 1614 692 1693 grandibus
716 1617 884 1694 margaritis
906 1615 1020 1694 prodat.

131 1697 206 1786 (60)
239 1701 278 1762 Et
305 1703 362 1763 hoc
389 1710 487 1762 tamen
516 1710 654 1763 aeternae
679 1721 772 1782 prope
796 1706 994 1782 possessionis
1008 1711 1071 1764 est.
1082 1707 1134 1766 124

60 1795 202 1871 sequitur
224 1791 380 1872 heredem,
409 1793 441 1851 in
464 1793 664 1870 mancipatum
687 1794 768 1852 venit
795 1799 830 1852 ut
851 1791 1007 1872 praedium
1030 1793 1079 1852 ali-

61 1882 152 1960 quod.
201 1879 355 1960 conchylia
383 1887 413 1940 et
440 1898 589 1959 purpuras
617 1883 714 1940 omnis
736 1879 811 1940 hora
834 1883 948 1961 atterit,
972 1879 1081 1959 quibus

24 1984 48 2022 20
61 1971 167 2031 eadem
187 1976 283 2032 mater
301 1968 419 2029 luxuria
435 1970 519 2048 paria
537 1986 631 2048 paene
652 1977 681 2028 et
699 1971 866 2047 margaritis
885 1971 982 2048 pretia
1002 1970 1080 2029 lecit.

130 2053 191 2120 36.
215 2057 370 2137 Purpurae
394 2059 496 2117 vivunt
515 2058 600 2118 annis
623 2057 785 2136 plurimum
805 2060 945 2136 septenis.
979 2057 1072 2118 latent
1082 2062 1132 2112 125

60 2151 139 2208 sicut
163 2149 297 2206 murices
320 2149 400 2205 circa
423 2148 505 2206 canis
529 2153 629 2206 ortum
652 2147 774 2206 tricenis
798 2145 911 2205 diebus.
958 2163 1079 2223 congre-

60 2244 171 2315 gantur
190 2253 283 2295 verno
302 2242 436 2313 tempore
460 2226 747 2313 mutuoque'attritu
761 2233 908 2294 lentorem
927 2233 1081 2293 cuiusdam

60 2344 148 2386 cerae
175 2324 309 2384 salivant.
347 2322 435 2383 simili
453 2323 541 2383 modo
565 2331 596 2383 et
618 2325 757 2405 murices
782 2322 834 2383 sed
854 2340 1004 2402 purpurae
1028 2321 1079 2381 sso-

27 2427 125 2474 25rem
149 2412 236 2474 illum
259 2412 429 2490 tinguendis
453 2414 618 2491 expetitum
636 2411 768 2472 vestibus
792 2415 823 2472 in
846 2411 952 2471 mediis
970 2410 1081 2471 habent

61 2501 209 2563 lancibus.
246 2501 371 2580 liquoris
389 2500 438 2560 lric
457 2502 612 2560 minimum
636 2507 682 2560 est
702 2503 733 2559 in
753 2500 876 2560 candida
895 2518 968 2560 vena
991 2499 1070 2560 unde
1081 2505 1132 2556 126

60 2593 216 2670 pretiosus
251 2588 299 2650 ille
329 2588 451 2670 bibitur,
483 2590 628 2667 nigrantis
658 2605 743 2648 rosae
778 2588 877 2648 colore
911 2587 1079 2652 sublucens.

61 2680 214 2757 reliquum
245 2695 354 2756 corpus
385 2677 495 2736 sterile.
542 2679 621 2736 vivas
649 2695 755 2754 capere
784 2677 981 2758 contendunt,
1011 2679 1080 2756 quia

135 2973 299 3040 labrisque
327 2976 351 3025 d.
390 2971 500 3040 -iurque
519 2988 542 3024 r.
651 2970 787 3025 aceronti
815 2970 851 3024 αἳ.
886 2971 1011 3025 fecerent
1034 2970 1080 3024 3¹.

64 3046 141 3098 -runt
157 3043 213 3106 Bb
278 3049 329 3098 (3.7
349 3043 412 3097 dist.
430 3057 484 3111 epo.
558 3040 745 3110 Sproduobur
764 3057 818 3111 epo.
847 3044 888 3096 -to
907 3042 934 3096 ll.
970 3041 974 3108 l
1007 3039 1081 3094 refu-

63 3117 141 3186 gium
158 3119 238 3168 nra.
294 3113 463 3182 9quidnam
482 3111 518 3167 d2.
547 3112 615 3182 quid
632 3111 708 3166 1²2².
736 3112 892 3180 quidemr.
956 3117 989 3165 10
1007 3129 1081 3166 mar-

63 3185 173 3255 garitae
193 3185 230 3239 22.
250 3187 304 3248 fta
322 3203 344 3243 r.
371 3186 375 3252 1
400 3199 435 3238 ne
452 3189 485 3239 R.
504 3200 554 3238 ora.
569 3201 591 3238 r.
667 3189 698 3237 12
718 3183 880 3238 alexandria
894 3182 931 3238 ιθ.
960 3199 1035 3236 -eam
1047 3188 1080 3238 R.

63 3259 133 3312 -iam
150 3275 174 3312 r.
268 3262 300 3310 13
319 3253 435 3310 redacta
452 3271 476 3310 o.
512 3257 582 3310 dam
601 3255 628 3309 ll.
721 3260 753 3308 15
773 3254 938 3324 Iugurthino
956 3253 1033 3308 bello
1055 3271 1080 3308 o.
1139 3271 1141 3275 ·

63 3329 166 3382 -tinum
191 3327 256 3397 (-th-
275 3329 308 3396 B)
335 3326 405 3380 -lum
424 3327 451 3380 ll.
544 3332 577 3381 16
595 3325 748 3395 inpositum
766 3343 790 3380 o.
822 3325 930 3395 imponi
948 3342 1012 3379 cum
1034 3323 1079 3380 12².

63 3401 207 3454 -unicum
225 3399 270 3452 12¹.
298 3397 472 3468 impunicum
489 3415 513 3452 r.
530 3399 534 3466 Ι
551 3397 702 3468 grandibus
720 3401 751 3452 B.
778 3397 833 3450 -ius
851 3413 873 3450 r.
935 3401 967 3450 19
987 3411 1037 3450 ora
1055 3414 1079 3450 a.

64 3471 148 3525 horas
166 3487 191 3524 r.
247 3474 281 3524 20
300 3471 329 3524 et
345 3474 423 3523 ltro.
448 3472 506 3524 ed.
531 3469 618 3524 eliam
634 3474 666 3522 R.
721 3473 755 3523 23
774 3469 927 3534 mutuoque
941 3483 964 3520 c.
990 3483 1080 3518 uum·

65 3557 117 3609 que
137 3541 165 3594 ll.
183 3542 187 3610 Ι
204 3541 303 3596 attribu
321 3557 346 3596 o.
375 3542 416 3595 -to
434 3540 478 3596 12¹.
507 3543 579 3595 -tum
597 3558 620 3595 r.
688 3545 723 3595 26
741 3538 889 3593 minimum
913 3537 970 3592 Uri.
985 3537 1079 3591 cbreat.

62 3617 164 3682 pras.
193 3611 333 3666 -mina
364 3628 420 3666 -me
438 3629 461 3666 r.
1157 3625 1167 3630 ··
