2628 3950
200 129 245 192 40
549 125 578 180 C.
596 125 696 180 PLlNl
715 125 872 182 sacuam

200 279 336 356 vitaeque
359 275 543 354 argumentis
567 307 609 316 -
633 276 745 335 etenim
768 292 856 336 curae
879 275 1009 356 principi
1032 277 1066 338 td
1086 283 1152 337 erat
1173 307 1217 320 -

199 383 304 426 verum
327 364 472 444 apparuit.
1006 407 1011 414 ι
1304 419 1305 440 ,

148 466 199 516 160
267 447 326 514 49.
350 445 425 534 (50)
453 451 582 512 Poscere
601 451 719 515 videtur
737 451 821 514 locus
838 453 903 531 ipse
922 452 1057 515 sideralis
1075 453 1217 520 scientiae
1304 447 1305 466 *

200 543 386 605 sententiam.
432 538 612 619 Epigenes
636 553 710 602 exn
734 557 827 602 annos
849 540 958 620 inpleri
980 543 1097 621 negavit
1117 558 1217 621 posse,

200 630 357 690 Berosus
379 628 484 702 excedi
503 641 597 692 cxvt.
626 629 715 701 durat
734 636 764 689 et
782 647 817 690 ea
835 631 911 694 ratio
931 648 1020 709 paru
1037 629 1248 691 Petosiris⁵

201 737 234 779 ac
257 717 439 799 Necepsos
465 717 614 780 tradidere
642 711 882 799 (tetartemorion
911 717 1060 799 appellant
1085 735 1102 778 a
1125 718 1219 779 trium

201 809 354 886 signorum
381 799 535 888 portione)
566 823 625 886 qua
654 824 742 886 posse
772 808 803 868 in
831 806 930 868 ltaliae
961 814 1059 868 tractu
1089 819 1218 868 cxxnn

129 941 136 954 ,
201 913 294 964 annos
321 897 398 962 vitae
426 897 604 974 contingere.
627 902 758 974 apparet.
804 913 949 975 negavere
972 895 1015 958 illi
1038 912 1219 974 memquam

200 997 324 1044 Lxxxx
341 985 472 1063 partium
495 985 657 1046 exortivam
677 1001 849 1046 mensuram
871 977 967 1066 (quod
986 983 1149 1064 anaphoras
1168 1003 1217 1044 vo·
1305 1037 1306 1082 ,

201 1066 285 1155 cant)
308 1072 488 1154 transgredi,
519 1080 549 1134 et
571 1071 624 1134 bas
647 1075 727 1152 ipsas
749 1072 841 1136 incidi
863 1091 992 1134 occtusu
1015 1071 1218 1136 maleficorum
1232 1085 1263 1126 10
1305 1135 1306 1138 ,

201 1161 334 1222 siderum
365 1168 417 1223 aut
449 1163 538 1222 etiam
569 1161 660 1222 radiis
694 1179 800 1222 eorum
831 1160 971 1240 solisque.
1023 1160 1218 1240 Aesculapius

200 1268 307 1317 rursus
330 1258 361 1312 ct
382 1249 537 1329 Aesordapi
560 1257 642 1310 seen
664 1267 740 1328 quae
763 1256 840 1312 stata
862 1251 938 1318 vitae
966 1251 1060 1330 spatia
1083 1268 1100 1310 a
1123 1250 1219 1312 stellis
1305 1249 1306 1278 ³

201 1340 298 1418 accipi
325 1337 410 1419 dicit,
447 1345 592 1416 quantum
623 1337 786 1417 plurimum
818 1338 952 1402 tribuant
982 1341 1132 1400 incertum
1164 1347 1218 1400 est

104 1435 108 1442 '
149 1437 279 1487 ta1rara
305 1433 406 1487 autem
435 1444 501 1486 esse
529 1426 633 1489 dicam
660 1426 794 1506 longiora
821 1435 955 1507 tempera
982 1426 1116 1509 quidem,
1148 1445 1219 1488 cum

201 1515 359 1576 momentis
382 1514 525 1576 horarum
547 1514 714 1594 insignibus
737 1515 824 1578 lunae
843 1515 974 1598 dierum,
998 1523 1032 1578 ut
1055 1531 1107 1578 vn
1129 1523 1219 1596 atque
1234 1528 1265 1569 1⁵

201 1617 260 1685 xv,
282 1620 358 1681 qnae
381 1610 469 1668 nocte
492 1621 526 1664 ac
549 1603 597 1665 die
621 1603 826 1686 observantur,
847 1607 954 1684 ingens
972 1604 1061 1666 turba
1079 1612 1220 1679 nascatur

202 1691 321 1752 scansili
339 1709 486 1754 annorum
503 1691 569 1771 lege
588 1692 725 1775 occidua,
748 1711 838 1773 quam
860 1692 1220 1776 climacterasappellant,

202 1798 262 1840 non
285 1780 349 1840 tere
372 1781 413 1840 ita
436 1781 543 1859 genitis
566 1795 645 1844 nnn
669 1799 781 1843 annum
804 1781 1025 1845 excedentibus.

150 1878 200 1930 162
268 1867 403 1937 Primum
430 1885 501 1948 ergo
528 1871 624 1948 ipsius
648 1872 721 1933 artis
748 1873 946 1934 inconstantia
972 1869 1104 1934 declarat
1130 1888 1221 1949 quam

150 2009 152 2014 .
202 1959 316 2022 incerta
338 1975 388 2018 res
411 1959 459 2020 sit.
495 1958 641 2022 accedunt
663 1961 867 2039 experimenta
888 1961 1089 2022 recentissimi
1111 1977 1221 2022 census
1234 1973 1266 2012 20
1305 1969 1306 1974 ’

203 2063 293 2125 quem
310 2047 389 2110 intra
413 2047 642 2126 quadriennium
663 2050 860 2128 imperatores
884 2046 1026 2110 Caesares
1049 2047 1222 2127 Vespasiani

201 2142 287 2214 pater
310 2135 447 2214 filiusque
472 2153 614 2198 censores
637 2144 772 2216 egerunt.
813 2154 869 2199 nec
892 2144 964 2198 sunt
986 2138 1085 2198 omnia
1106 2139 1222 2198 vasaria

203 2224 388 2305 excutienda,
410 2222 524 2286 mediae
543 2233 660 2290 tantum
677 2228 772 2304 partis
789 2227 869 2286 inter
886 2225 1075 2304 dpernrinum
1093 2224 1221 2286 Padum·

151 2321 201 2370 163
212 2331 270 2391 que
292 2331 438 2392 ponemus
462 2313 611 2394 exempla:
648 2327 720 2376 cxx
742 2331 835 2374 annos
858 2313 981 2374 Parmae
1005 2319 1067 2376 tres
1090 2313 1224 2396 edidere,

276 2535 339 2589 lid
357 2553 441 2592 curae
458 2533 554 2606 lt(?)u.
584 2537 588 2604 Ι
617 2535 737 2606 principi
755 2535 785 2590 id
802 2535 877 2592 Dat.
906 2536 964 2608 ·pio
983 2537 1011 2592 ll.
1090 2543 1107 2592 3
1131 2538 1223 2593 scien·

201 2605 243 2661 tia
263 2611 295 2660 lt.
385 2612 403 2660 4
428 2605 597 2660 sententiam
619 2621 670 2662 om.
693 2607 797 2662 ΜΨ.
837 2623 875 2662 cn
896 2607 991 2662 locum
1014 2607 1068 2663 sibi
1092 2608 1224 2664 sideralis

203 2675 343 2733 samntio?
373 2678 377 2745 Ι
406 2678 539 2803 οᾶιίςθιιοε
556 2683 581 2732 a
602 2679 635 2734 in
651 2694 738 2748 mara.
767 2693 867 2749 genus
885 2677 927 2732 Ρ.
952 2694 1004 2736 ore.
1022 2679 1065 2733 1¹.
1097 2680 1137 2736 sic
1154 2697 1179 2735 r.

203 2747 278 2803 exn
302 2752 380 2802 lter.
437 2749 464 2801 X
514 2748 549 2802 Β*
571 2751 603 2805 in
624 2765 680 2804 raa.
715 2749 767 2803 XII
789 2766 813 2803 r.
903 2755 920 2804 t
946 2749 1057 2805 excedit
1079 2754 1179 2805 ritca.

203 2805 303 2873 cxml
324 2825 356 2874 a.
443 2826 459 2874 6
483 2822 513 2874 et
529 2820 714 2876 tartemarIon
731 2826 762 2874 a.
791 2819 959 2890 (tradiderit)
978 2821 1177 2877 emrtemarion
1194 2826 1223 2877 d.

274 2894 326 2945 7.ss
349 2907 388 2953 aa
406 2888 493 2950 CXXI
513 2905 600 2946 annos
619 2890 718 2952 vitae?
745 2889 1220 2960 efr.1ut.arm.a1acne.1a

274 2967 307 3026 11
330 2961 515 3031 Aesculapius
533 2978 589 3032 apo.
616 2962 705 3018 escol·
723 2981 748 3016 e.
772 2978 823 3017 om.
841 2962 884 3016 1².
912 2961 984 3017 scol·
1001 2979 1026 3018 r.
1054 2962 1153 3024 schola
1170 2969 1223 3020 To.

274 3038 307 3086 12
331 3034 361 3087 et
377 3049 425 3102 epe
442 3033 556 3093 numm.
586 3035 591 3102 l
622 3032 784 3103 Aesculapii
802 3039 850 3088 tc.
878 3033 1005 3116 esculapi
1028 3033 1070 3089 Ρ.
1098 3034 1169 3089 scol·
1188 3040 1222 3090 B.

166 3149 168 3153 ,
202 3103 273 3159 scul—
293 3120 316 3158 r.
339 3105 344 3173 Ι
369 3105 446 3166 secta
463 3104 523 3164 cdd.
542 3109 603 3159 vett.
631 3107 728 3162 secuta
745 3105 806 3161 uo.
832 3105 836 3172 Ι
859 3105 934 3165 stata
951 3105 1028 3160 uitae
1045 3109 1075 3158 r.
1104 3105 1221 3162 stabnte

201 3181 252 3230 be.
279 3175 334 3232 -uit
350 3179 403 3236 ld.
424 3175 429 3244 Ι
449 3175 541 3246 spatia
558 3174 635 3231 uitae
653 3175 727 3230 ittet.
801 3181 834 3230 13
854 3175 903 3230 sed
921 3177 1058 3244 quantum
1074 3174 1221 3302 Bibba}

201 3246 329 3302 tribuant
345 3261 400 3315 epo.
429 3247 491 3302 -uat
508 3247 536 3302 u.
624 3253 658 3302 14
680 3245 806 3316 quidem,
830 3264 894 3302 cum
917 3261 972 3318 aaa.
1003 3246 1117 3316 quidem
1141 3247 1201 3318 (qui

202 3317 246 3372 est
267 3318 325 3385 Μ)
348 3322 396 3386 qffi
418 3318 446 3374 u.
478 3317 706 3387 quandoquidem
727 3335 752 3374 o.
830 3323 863 3374 lt
887 3318 1035 3388 appellant
1057 3321 1102 3372 do.
1130 3319 1174 3372 -at
1195 3335 1219 3374 r.

274 3393 307 3443 18
326 3387 390 3444 Llll
408 3392 457 3443 (11¹.
485 3389 602 3456 fortasse
618 3389 716 3444 LXIII.
744 3390 795 3457 cfr.
810 3388 878 3446 dett.
892 3405 920 3444 n.
935 3390 971 3444 Δ.
988 3391 1051 3442 XV
1059 3393 1084 3444 7.
1109 3387 1219 3452 Omana.

202 3459 228 3514 d.
248 3459 274 3514 d.
293 3463 352 3516 oct.
371 3463 467 3526 1414.
541 3465 575 3514 20
594 3459 786 3530 experimenta
803 3464 828 3514 d.
856 3461 986 3530 exempla
1004 3461 1068 3516 add.
1087 3459 1220 3520 vitm&

203 3529 233 3582 et
250 3529 380 3599 exempla
397 3531 461 3586 add.
480 3529 557 3584 1²⁸².
581 3532 632 3598 cfr.
650 3548 711 3586 noo.
730 3532 783 3586 luc.
800 3547 829 3600 p.
840 3535 884 3588 77.
939 3537 972 3589 at
992 3531 1176 3601 imperatores
1194 3548 1219 3586 c.

203 3602 266 3652 cni
283 3598 328 3653 κ’.
356 3615 400 3653 -or
417 3618 440 3656 r.
467 3601 471 3671 l
496 3617 623 3656 caesares
641 3619 665 3656 c.
694 3601 744 3656 -ais
762 3603 790 3657 n.
864 3601 1102 3658 admonitione.
1306 3623 1307 3646 r
