2628 3950
505 175 712 232 PRAEFATIO
1094 199 1119 246 v

102 345 179 403 quae
205 345 274 386 oum
301 328 345 387 ita
373 327 487 404 essent,
517 327 572 386 hoc
602 327 742 386 volumen
772 327 859 403 quasi
885 327 993 386 faciem
1020 328 1120 386 induit

101 417 190 492 plane
220 434 329 477 novam
359 434 394 475 ac
422 417 511 476 valde
541 416 717 475 dissimilem
748 417 951 476 voluminibus
983 417 1119 494 reliquis,

102 520 178 580 quae
201 507 364 582 antequam
387 507 487 565 omnia
508 506 541 564 in
568 504 693 564 eandem
720 501 848 564 formam
875 523 894 564 a
920 525 968 564 me
996 505 1120 564 redacta

102 596 202 672 erunt,
230 595 312 653 haud
335 595 395 653 scio
423 613 463 654 au
489 594 646 654 offensioni
672 595 746 654 haec
774 594 986 654 dissimilitudo
1013 595 1119 653 future

103 683 142 741 sit
163 683 201 741 iis
226 684 399 758 quitatum
422 701 497 759 opus
521 683 651 759 empturi
679 684 753 756 sint,
781 684 833 742 sed
859 684 964 743 utendi
991 702 1119 743 commo-

102 771 229 830 ditatem
249 789 337 847 spero
351 772 501 848 potiorem
518 773 555 831 iis
569 772 635 830 fore
654 789 744 850 quam
757 772 845 831 faciei
864 771 1119 850 aequabilitatem.

597 961 622 1026 Ι.

166 1125 249 1184 Haec
269 1143 349 1186 nova
367 1125 506 1185 editionis
525 1127 722 1188 conformatio
746 1127 835 1185 simul
858 1130 1118 1203 opportunitatem

99 1215 175 1272 mihi
188 1215 272 1274 dedit
289 1215 438 1274 liberioris
458 1216 612 1274 cuiusdam
630 1217 786 1275 rationis
806 1217 958 1276 criticae
976 1218 1119 1278 adhiben-

99 1303 164 1362 dae.
209 1321 280 1363 nam
303 1321 371 1362 cum
393 1304 492 1363 omnia
516 1323 591 1380 quae
618 1305 735 1364 mutari
761 1323 821 1364 non
849 1307 946 1364 solum
973 1306 1005 1364 in
1033 1309 1119 1366 textu

99 1391 229 1468 obliquis
252 1393 364 1451 litteris
387 1393 493 1452 aliisve
517 1393 625 1470 signis,
653 1395 706 1453 sed
730 1395 821 1452 etiam
843 1395 875 1452 in
903 1397 1118 1456 commentario

98 1481 203 1540 cridae
222 1483 352 1542 enotatis
366 1482 512 1541 librorum
526 1483 734 1559 discrepantiis
753 1485 858 1560 aperte
876 1483 1118 1562 significarem,

98 1571 135 1628 ut
163 1570 252 1629 facile
280 1590 340 1631 uno
372 1573 533 1660 conspeetu
564 1573 596 1630 in
625 1573 730 1632 eadem
759 1573 873 1650 pagiua
908 1574 1119 1649 comprehendi
1214 1632 1216 1638 Α

97 1659 217 1734 possint
239 1679 315 1736 quae
338 1661 371 1718 in
393 1660 479 1731 libris
503 1661 616 1737 scripta
638 1664 709 1720 sunt
738 1679 873 1738 quaeque
900 1663 992 1740 vulgo
1021 1662 1119 1721 adhuc

100 1749 282 1824 legebantur
301 1751 332 1808 et
351 1767 427 1825 quae
450 1769 507 1826 ego
530 1751 647 1826 novavi,
670 1769 731 1810 non
753 1751 917 1810 verendum
940 1752 1068 1828 eritne,
1093 1751 1119 1809 si

99 1837 148 1896 eui
171 1855 247 1913 quiae
271 1837 377 1914 scripsi
399 1838 588 1914 displiceant,
619 1839 781 1916 opprobrio
808 1839 883 1898 mihi
909 1841 1011 1900 uertat
1039 1839 1119 1916 quod

98 1943 167 1984 mea
184 1945 239 2002 pro
255 1927 401 1987 Plinianis
416 1927 574 1988 venditans
593 1929 721 1988 lectores
739 1929 772 1986 in
790 1947 923 1988 errorem
941 1929 1118 1987 induxerim.

99 2033 282 2091 quamquam
304 2016 378 2074 haee
400 2034 461 2075 non
486 2016 531 2074 ita
559 2017 640 2074 dicta
666 2017 770 2092 velim,
800 2019 956 2092 tamquam
983 2017 1120 2076 codicum

99 2105 314 2163 auctoritatem
332 2105 420 2181 parvi
437 2104 547 2162 faciam
565 2106 597 2163 et
614 2106 714 2164 textus
734 2105 972 2164 emendationem
990 2107 1120 2165 maxima

99 2211 136 2251 ex
163 2193 254 2268 parte
278 2193 317 2252 ab
345 2197 411 2252 arte
438 2195 632 2253 coniecturali
659 2194 853 2270 repetendam
881 2211 946 2252 esse
974 2211 1119 2252 censeam.
1162 2193 1165 2197 ’

99 2282 190 2340 immo
218 2300 290 2342 vero
317 2282 413 2341 multo
440 2283 515 2340 mihi
541 2283 642 2359 potius
670 2285 717 2342 est
745 2299 818 2341 sano
846 2285 877 2342 et
903 2282 1119 2359 circumspecto
1231 2338 1233 2342 ,

100 2370 210 2429 iudicio
235 2387 355 2430 seruare
379 2387 469 2447 quam
490 2372 660 2431 inconsulto
683 2389 795 2432 nouare
819 2373 850 2429 et
874 2389 964 2447 quam
991 2371 1120 2430 antehac

101 2459 197 2516 statui
214 2460 346 2518 muneris
370 2459 466 2518 critici
484 2461 585 2537 legem
607 2479 641 2519 ac
663 2479 800 2520 normam
823 2461 944 2519 strenue
968 2461 999 2518 et
1018 2461 1121 2519 dedita

101 2565 193 2623 opera
217 2550 336 2606 secutus
360 2567 434 2626 sum,
457 2551 501 2626 ut,
523 2542 703 2626 ubicumque
726 2549 792 2608 fieri
814 2551 947 2625 poterat,
972 2549 1120 2608 librorum

99 2654 191 2694 manu
210 2637 391 2712 scriptorum
408 2638 585 2696 memoriam
602 2640 706 2697 tuerer
724 2639 764 2713 et,
786 2637 840 2696 ubi
859 2638 897 2696 ab
921 2639 989 2696 aliis
1008 2637 1120 2695 iniuria

101 2727 204 2803 spreta
223 2743 288 2784 esse
307 2725 475 2802 ridebatur,
498 2727 531 2784 in
552 2727 708 2804 integrum
729 2727 930 2786 restituerem.
967 2727 1051 2784 cuius
1074 2726 1120 2784 rei

101 2813 280 2872 documenta
298 2814 413 2891 aliquot
431 2816 464 2873 in
480 2816 583 2875 novis
606 2815 681 2874 meis
699 2814 1022 2874 lucubrationibus
1046 2813 1119 2872 Pli-

99 2902 219 2960 nianis
242 2921 339 2978 nuper
367 2904 524 2982 proposui,
552 2904 613 2962 alia
639 2904 720 2963 haud
747 2921 843 2980 pauca
869 2904 1003 2962 inveniet
1030 2921 1120 2979 quem

99 3007 160 3050 non
187 2992 323 3068 piguerit
349 2992 427 3050 hanc
450 2992 613 3052 editionem
641 3010 709 3051 cum
736 2993 844 3051 ceteris
872 2995 1011 3050 accurate
1042 3010 1119 3051 oom-

99 3079 264 3154 paravisse.
311 3097 400 3155 saepe
424 3081 503 3141 enim
527 3081 564 3140 ab
589 3081 756 3141 editoribus
779 3081 904 3158 reliquis
928 3081 1038 3140 recessi
1060 3099 1121 3139 non

99 3169 268 3228 mutatione
291 3181 495 3246 eorumquae
518 3169 634 3229 tradita
656 3171 739 3246 sunt,
769 3169 904 3228 sedulio
928 3169 1047 3229 delectu
1069 3187 1120 3229 va·

99 3257 214 3316 riarum
236 3257 399 3317 lectionum
422 3261 476 3318 aut
498 3259 559 3316 alia
580 3258 743 3318 verborum
765 3257 965 3331 distinctione,
988 3260 1019 3316 et
1042 3275 1120 3334 quae

99 3363 115 3404 e
139 3346 291 3405 codicibus
315 3345 411 3405 adhue
434 3347 564 3408 inventis
592 3349 624 3405 et
646 3347 764 3407 collatis
787 3347 904 3405 hauriri
926 3348 1061 3422 possunt,
1085 3363 1121 3405 ea

98 3435 316 3510 propemodum
339 3435 511 3495 exhausisse
534 3435 609 3494 mihi
631 3435 744 3496 videor.
790 3436 842 3494 sed
866 3454 924 3511 quo
948 3435 1060 3494 diutius
1088 3434 1121 3491 in

99 3523 199 3583 Plinio
228 3524 422 3584 elaborabam
451 3543 568 3601 quoque
598 3526 766 3584 accuratius
799 3526 831 3583 et
859 3524 959 3582 Monei
988 3521 1121 3582 codicem

96 3613 279 3688 rescriptum
307 3630 376 3672 cum
398 3613 506 3672 ceteris
530 3613 720 3673 conferebam
744 3613 776 3672 et
802 3613 954 3687 antiquos·
972 3610 1120 3682 auctores,
