2628 3950
217 109 259 173 32
563 105 592 160 o.
610 106 710 162 Pnuu
729 106 887 161 suenum

216 258 294 320 linus
313 265 344 318 et
361 256 453 318 Diana
470 254 610 336 Ephesia,
634 253 743 334 quibus
767 254 851 315 luere
875 262 1047 316 consecrata
1071 257 1144 316 artis
1168 257 1233 316 eius

216 364 292 408 rasa.

164 447 215 499 128
283 428 343 497 39.
367 427 441 516 (40)
473 433 608 493 Pretium
625 431 754 491 hominis
773 433 805 493 in
823 435 944 494 servitio
964 435 1057 512 geniti
1072 435 1235 494 mariarum

216 525 252 585 ad
265 523 341 584 hanc
356 523 448 603 diem,
467 521 546 600 quod
565 520 704 600 equidem
722 523 933 603 compererim,
952 522 1009 582 fuit
1025 524 1232 600 grammaticae

216 616 288 674 artis
307 611 443 691 Daphnin
461 612 540 672 Attio
559 609 737 670 Pisaurense
756 610 902 670 vendente
922 619 953 670 et
967 610 1004 672 M.
1020 610 1132 671 Scauro
1151 613 1261 690 prin-5

216 704 281 781 cipe
310 702 437 762 civitatis
463 699 513 761 ΙΙΙ.
540 695 612 764 D‘c'fi
639 698 756 760 brente.
803 717 959 760 excessere
986 699 1043 760 hoc
1070 702 1102 760 in
1129 707 1233 760 nostro

216 809 301 870 aevo,
323 807 379 850 nec
398 789 528 869 modice,
551 788 712 848 histriones
735 787 834 848 reditu
856 786 1025 850 libertatern
1048 805 1132 849 suam
1155 805 1232 850 mer-

163 890 214 941 129
225 881 292 960 cati,
315 881 425 958 quippe
449 895 519 938 cum
541 880 599 937 iam
617 877 696 956 apud
718 877 846 938 maiores
860 876 986 938 Roscius
1009 876 1115 938 histrio
1133 876 1183 938 111.
1207 876 1234 942 'D

216 985 314 1030 annua
340 969 495 1028 meritasse
518 965 672 1048 prodatur,
703 965 762 1026 nisi
790 967 906 1044 siquis
933 968 965 1026 in
988 965 1045 1026 hoc
1068 966 1132 1026 loce
1156 965 1232 1025 desi·

216 1057 300 1118 derat
322 1056 490 1116 Armeniaci
517 1053 588 1115 belli
614 1053 702 1133 paulo
731 1045 798 1113 ante
826 1061 950 1133 propter
977 1053 1130 1115 Tiridaten
1156 1056 1276 1134 gestio

216 1146 460 1225 dinpeusatorem,
483 1161 573 1223 quem
591 1142 670 1202 Nero
688 1141 737 1202 111.
753 1139 870 1225 te—XX—xt
892 1145 1073 1204 manumisit.
1101 1143 1153 1204 sed
1175 1143 1233 1203 boc

215 1237 347 1314 pretium
368 1232 451 1314 belli,
477 1250 537 1294 nou
561 1231 702 1310 hominis,
725 1231 782 1292 fuit
804 1237 865 1290 tam
887 1230 1033 1292 Hercules
1056 1250 1145 1310 quam
1167 1231 1233 1292 libi-

215 1323 306 1404 dinis,
334 1340 394 1382 uon
417 1322 542 1401 formae,
565 1320 743 1380 Paezontem
766 1337 783 1380 e
804 1319 985 1399 spadonibus
1004 1319 1104 1382 Seiani
1121 1319 1170 1382 111.
1188 1319 1234 1402 Π

215 1417 368 1472 mercante
397 1409 521 1485 Lutorio
551 1409 663 1469 Prisco.
713 1427 803 1488 quam
834 1410 955 1488 quidem
986 1410 1126 1472 iniuriam
1156 1409 1233 1470 lucri

215 1500 287 1560 fecit
306 1498 354 1560 ille
374 1506 524 1559 mercatus
542 1500 574 1558 in
591 1498 675 1559 luctu
695 1500 833 1580 civitatis,
855 1499 995 1577 quoniam
1015 1515 1140 1578 argrrere
1159 1497 1275 1560 nulli1⁵

215 1586 344 1647 vacabat.

164 1686 215 1737 130
283 1669 344 1736 40.
378 1669 452 1756 (41)
499 1673 638 1736 Gentium
660 1677 693 1736 in
716 1683 778 1736 toto
801 1674 875 1736 orbe
897 1677 1151 1755 praestantissima
1173 1694 1233 1737 una

216 1767 349 1824 omnium
371 1766 481 1824 virtute
504 1762 583 1823 baud
606 1763 695 1824 dubie
713 1763 851 1826 Romana
873 1766 994 1825 exstitit.
1035 1765 1160 1826 felicitas
1183 1767 1234 1825 cui

215 1855 375 1934 praecipua
397 1853 490 1912 fuerit
510 1851 623 1912 bomini
646 1871 707 1913 uon
730 1860 776 1913 est
798 1853 920 1913 humani
943 1853 1054 1933 iudicii,
1078 1871 1146 1914 cum
1163 1872 1232 1933 pro-

216 1945 390 2022 speritatem
411 1943 507 2020 ipsam
532 1941 608 2002 alius
630 1941 686 2001 alio
710 1941 797 2002 modo
826 1949 856 2001 et
880 1949 985 2022 suopte
1008 1944 1127 2020 ingenio
1152 1945 1232 2022 quis·
1248 1955 1274 1995 2⁰

216 2047 275 2110 que
299 2030 486 2092 determinet.
514 2032 540 2091 si
562 2048 667 2091 verum
684 2030 783 2090 facere
806 2029 950 2092 iudicium
969 2030 1105 2092 volumus
1128 2049 1162 2091 ac
1185 2050 1231 2092 re·
1303 2021 1304 2071 l

214 2119 335 2200 pudiata
349 2121 430 2180 omni
443 2119 579 2180 fortunae
595 2118 754 2179 ambitione
770 2119 942 2198 decernere,
961 2137 1048 2180 nemo
1063 2121 1233 2182 mortalium
1302 2131 1303 2177 t

215 2217 262 2270 est
280 2208 358 2269 felix.
392 2207 509 2268 abunde
532 2210 628 2286 agitur
652 2215 740 2286 atque
759 2207 949 2286 indulgenter
971 2226 988 2268 a
1010 2208 1130 2269 fortuna
1154 2208 1232 2270 deci·
1301 2231 1302 2283 t

215 2298 296 2359 ditur
320 2316 389 2358 cum
412 2315 447 2357 eo
470 2297 523 2376 qui
545 2298 611 2357 iure
634 2294 693 2356 dici
717 2314 776 2355 non
800 2294 903 2356 infelix
924 2303 1032 2375 potest.
1065 2299 1175 2377 quippe
1199 2306 1233 2358 ut
1300 2351 1301 2390 ,

215 2387 354 2446 alienon
377 2387 449 2466 sint,
480 2393 562 2446 certe
590 2403 627 2444 ne
650 2383 792 2445 lassescat
814 2385 934 2445 fortuna
962 2393 1060 2446 metus
1083 2394 1141 2468 est,
1172 2404 1232 2465 qno
1249 2398 1274 2438 2⁵
1299 2427 1300 2498 ,

163 2485 213 2535 131
225 2474 318 2535 semel
345 2482 466 2554 recepto
495 2473 588 2544 solida
610 2472 735 2534 felicitas
763 2490 823 2533 non
847 2473 914 2534 est(
946 2473 1018 2552 quid
1041 2476 1121 2553 quod
1144 2493 1233 2536 nemo

215 2563 385 2624 mortalium
408 2561 647 2640 omnibusahoris
671 2557 770 2640 sapit?
798 2563 972 2640 utinamque
992 2562 1099 2623 falsum
1121 2563 1178 2624 hoc
1203 2572 1233 2624 et
1298 2591 1299 2602 κ

214 2671 276 2714 non
298 2659 459 2713 utavate
483 2651 596 2714 dictum
619 2649 851 2730 quamplurimi
874 2649 1022 2712 iudicent!
1057 2669 1130 2712 vana
1153 2671 1232 2713 mor·
1297 2659 1298 2709 l

214 2741 312 2803 talitas
341 2751 371 2802 et
398 2740 434 2800 ad
460 2739 763 2801 circumscribendam
790 2757 821 2800 se
850 2741 945 2819 ipsam
972 2743 1125 2820 ingeniosa
1153 2760 1232 2802 com·
1296 2771 1297 2815 p

214 2838 300 2911 putat
321 2847 405 2891 more
420 2827 562 2890 Thraciae
581 2829 688 2909 gentis,
711 2845 785 2907 quae
806 2828 935 2889 calculos
955 2828 1054 2889 colore
1074 2828 1232 2891 distinctos
1247 2840 1273 2880 ³⁰
1295 2875 1296 2921 ,

214 2937 269 2998 pro
289 2921 493 2998 experimento
512 2920 658 2997 cuiusque
672 2917 732 2977 diei
749 2918 781 2978 in
795 2936 903 2978 urnam
921 2917 1023 2978 condit
1042 2935 1075 2977 ac
1090 2936 1232 2998 supremo
1294 2955 1295 3027 ,

196 3191 198 3194 ·
288 3159 437 3230 lephesia
454 3158 533 3213 ΒΨ.
562 3157 614 3212 -esi
631 3159 722 3213 ΒἯ.
752 3159 848 3230 epaesi
864 3166 894 3212 n.
926 3168 928 3170 ’
966 3157 1134 3229 bDepbnin
1153 3160 1232 3216 Attio
1290 3173 1293 3241 p

214 3229 288 3298 Detl.
309 3247 377 3285 moe.
395 3229 483 3285 Rbeu.
504 3232 610 3282 XVIII
619 3235 727 3299 1223&
756 3229 863 3300 daphni
880 3229 958 3286 natio
976 3231 1039 3284 Μ
1068 3230 1233 3300 depninetio

215 3305 273 3353 na.
301 3301 487 3355 domuin-1¹.
517 3301 632 3370 campa·
652 3306 676 3355 a.
749 3310 765 3358 c
783 3303 821 3356 111
841 3303 930 3358 aare.
957 3302 997 3356 ur
1016 3303 1044 3357 u.
1062 3303 1126 3356 uem
1144 3303 1232 3369 afra.
1286 3267 1292 3350 l

218 3368 222 3438 l
242 3368 334 3428 DCCC
352 3376 383 3424 B.
457 3377 472 3426 'l
490 3371 639 3427 histriones
658 3371 755 3428 awo.
779 3373 821 3428 -ui
837 3373 882 3427 12¹.
906 3373 961 3428 -nis
979 3389 1002 3427 r.
1023 3376 1028 3442 Ι
1048 3371 1140 3428 reditu
1158 3371 1232 3429 Deli.

215 3439 297 3521 reddi
316 3445 395 3494 ΒΜ.
429 3441 507 3496 seddi
529 3443 564 3496 2²
581 3445 614 3497 in
635 3459 689 3500 rae.
718 3443 768 3500 sed
790 3443 849 3515 ajo.
927 3449 961 3499 14
983 3444 1099 3499 Luborio
1121 3460 1148 3498 c.
1180 3445 1231 3511 cfr.

214 3507 330 3576 Lepreon
352 3512 391 3566 ad
410 3511 475 3570 Tae.
499 3529 565 3568 aaa.
586 3516 635 3566 III
650 3519 694 3571 49.
729 3514 820 3570 utorio
842 3515 884 3568 Ρ.
918 3515 1024 3570 sutorio
1047 3532 1069 3570 r.
1106 3513 1232 3570 clutorio

217 3577 246 3632 0.
265 3579 376 3636 Kellios
393 3597 461 3638 mue.
480 3583 567 3639 Illuc.
591 3588 667 3638 XVI
677 3603 706 3655 p.
719 3591 785 3642 293.
862 3649 866 3652 ,
