2620 3948
0 197 1 204 ¹
105 215 107 219 .
194 164 238 228 54
378 165 405 218 C.
425 165 524 219 PLINI
544 164 617 218 SEU.
636 164 720 218 NAT.
739 165 831 220 Hier.
850 165 903 218 VII
922 171 955 220 60
976 167 1029 234 (60)

193 331 287 374 annos
315 331 403 392 quam
434 332 503 374 cum
529 313 623 394 Pyrro
651 313 793 375 bellatum
820 322 866 374 est
895 314 931 375 ad
959 313 1062 374 aedem
1091 314 1208 384 Quirini

192 401 224 462 L.
243 401 381 480 Papirius
400 400 521 484 Cursor,
545 421 613 464 cum
637 421 701 465 eam
720 404 871 464 dedicaret
891 421 908 462 a
925 410 1010 482 patre
1029 421 1083 463 suo
1102 411 1208 484 votam,

193 510 209 551 a
232 489 340 551 Fabio
365 489 502 552 Vestale
526 492 672 571 proditur.
714 493 767 553 sed
789 511 887 571 neque
911 492 981 552 facti
1003 489 1139 570 horologi
1162 511 1206 552 ra-

0 629 1 640 ,
191 581 305 640 tionem
327 579 374 638 vel
392 581 537 640 artificem
551 581 705 660 significat
729 600 783 642 nec
803 580 881 642 unde
900 581 1076 642 translatum
1098 582 1137 642 sit
1157 589 1208 642 aut

0 667 1 758 l
31 673 33 677 ’
139 676 192 725 214
201 670 280 748 apud
309 687 399 747 quem
432 671 577 748 scriptum
608 671 639 734 id
668 666 840 731 invenerit
874 669 911 732 Μ.
941 669 1046 729 Varro
1078 671 1236 748 primumn

192 765 338 819 statutum
364 758 395 816 in
422 757 541 837 publico
570 760 735 820 secundum
761 759 869 820 Rostra
896 761 927 818 in
955 757 1092 819 columna
1118 759 1208 819 tradit

191 846 269 906 bello
290 846 403 907 Punico
424 849 520 926 primo
544 847 625 910 aM'.
640 847 755 909 Valerio
774 847 897 911 Messala
920 865 981 908 cos.
1000 847 1101 910 Catina
1123 856 1208 927 capla

191 937 223 996 in
247 935 355 1018 Sicilia,
379 935 569 1015 deportatum
590 936 659 998 inde
682 945 751 1017 post
773 953 847 1000 xxx
870 955 963 997 annos
987 954 1076 1014 quam
1098 936 1134 997 de
1153 935 1207 996 Pa-

190 1026 307 1104 piriano
330 1025 483 1103 horologio
507 1026 643 1106 traditur,
666 1044 743 1086 anno
767 1023 851 1087 urbis
877 1037 1120 1087 ococnxxxxi.
1150 1043 1207 1086 nco

189 1112 396 1193 congruebant
415 1114 451 1174 ad
464 1114 553 1176 horas
573 1118 637 1175 eins
655 1114 752 1196 liniae,
773 1123 939 1194 paruerunt
956 1122 1056 1176 tamen
1075 1119 1106 1175 ei
1122 1112 1249 1174 annis1o

191 1204 402 1284 undecentnm,
425 1203 520 1263 donec
540 1203 574 1274 Q.
588 1203 716 1265 Marcius
734 1203 889 1283 Philippus
909 1205 961 1282 qui
980 1222 1048 1264 cum
1067 1203 1098 1264 L.
1115 1203 1207 1263 Paulo
1307 1227 1308 1272 ff

191 1292 248 1352 luit
267 1311 373 1352 censor
388 1291 559 1370 diligentius
578 1291 748 1352 ordinatum
766 1295 848 1365 iuxta
861 1294 970 1373 posuit,
988 1293 1078 1371 idque
1097 1310 1206 1354 munus
1307 1273 1308 1338 l

138 1383 190 1455 215
198 1382 279 1442 inter
303 1381 438 1440 censoria
460 1398 551 1459 opera
574 1381 740 1458 gratissima
763 1389 918 1461 acceptum
941 1389 995 1442 est.
1046 1383 1207 1442 etiamnum
1307 1389 1308 1446 ἶ

190 1477 289 1530 tamon
322 1467 424 1529 nubilo
451 1470 582 1530 incertae
611 1470 694 1530 luere
724 1471 813 1532 horae
846 1489 942 1550 nsque
974 1469 1010 1530 ad
1038 1471 1206 1548 proximum

190 1558 327 1618 lustrum.
367 1565 438 1617 tunc
463 1556 562 1636 Scipio
585 1557 692 1620 Nasica
715 1557 826 1640 collega
848 1558 971 1632 Laenati
992 1561 1107 1638 primus
1131 1577 1206 1638 aqua
1222 1573 1249 1613 1⁵
1307 1555 1308 1634 ᾗ

191 1646 290 1706 divisit
312 1645 400 1706 horas
424 1664 517 1724 aeque
542 1649 673 1709 noctium
696 1668 730 1709 ac
753 1648 883 1730 dierum,
906 1648 996 1726 idque
1018 1646 1206 1726 horologium

191 1735 246 1795 sub
274 1742 353 1820 tecto
382 1735 489 1795 dicavit
516 1753 593 1796 anno
622 1737 705 1798 urhis
728 1751 834 1800 Dxcv.
879 1738 991 1798 tamdiu
1014 1737 1124 1817 populo
1147 1736 1204 1796 Ro·
1307 1759 1308 1810 p

190 1842 277 1888 mano
301 1822 462 1884 indiscreta
484 1823 535 1886 lux
559 1825 623 1886 fuit.
1307 1813 1308 1834 ¹

183 1965 187 1969 .
257 1911 342 1972 Nune
366 1912 552 1981 revertemur
577 1915 614 1976 ad
637 1913 752 1996 reliqna
775 1915 912 1986 animalia
932 1917 1122 1995 primumque
1145 1921 1205 1974 ter-

190 2003 305 2062 restria.

262 2269 278 2315 o
303 2261 532 2317 OOGCLXXXXI
550 2263 634 2318 Salac.
664 2263 858 2332 oconxxvn
878 2263 904 2316 ll.
980 2268 1014 2316 10
1034 2263 1209 2334 congruebat

190 2337 243 2388 lid.
264 2334 269 2402 1
289 2333 316 2388 ei
334 2339 383 2388 oet.
402 2333 469 2389 Dal.
498 2336 528 2388 et
545 2335 573 2390 ll.
656 2341 688 2390 13
708 2335 866 2405 gratissime
884 2338 936 2387 lid.
958 2337 962 2403 Ι
982 2332 1141 2388 etiamnunc
1159 2334 1205 2388 12².
1257 2336 1261 2343 '

263 2411 297 2459 14
314 2404 438 2460 incense
456 2405 556 2460 caco.
584 2408 626 2460 -lo
645 2406 675 2458 οἳ
692 2408 796 2462 laras.
815 2405 892 2458 W.
920 2405 994 2459 inter
1010 2407 1055 2460 tol
1071 2404 1137 2458 not
1163 2404 1206 2458 in-
1307 2429 1308 2434 ¹

190 2477 277 2530 terion
295 2473 337 2530 1²¹.
412 2482 444 2531 1⁷
465 2478 540 2531 secto
559 2481 611 2530 Bd.
1307 2487 1308 2516 ³
