2608 3958
185 94 229 158 26
391 116 399 144 .
533 71 855 146 deorumdeorum

131 249 184 298 104
252 241 362 302 Verum
383 243 416 299 in
438 239 485 300 his
509 247 579 301 sunt
602 240 722 318 quidem
745 241 863 300 virtutis
887 253 977 318 opera
996 257 1120 324 magna,
1152 238 1213 298 sed

183 333 295 391 maiora
322 331 467 390 fortunae.
512 328 549 388 M.
574 329 692 409 Sergio,
721 336 756 389 ut
778 327 916 407 equidem
939 327 1081 408 arbitror,
1112 345 1213 388 nemo

185 424 368 498 quemquam
386 417 540 477 hominum
561 419 628 477 iure
651 417 835 497 praetulerit,
858 416 927 476 licet
950 434 1099 496 pronepos
1124 415 1212 476 Cati-

184 507 243 568 lina
267 508 392 586 gratiam
419 507 532 566 nomini
555 505 687 584 deroget.
734 497 865 566 secundo
894 505 1042 584 stipendio
1066 505 1213 564 dextram

184 613 305 656 manum
328 593 466 675 perdidit,
489 594 644 673 stipendiis
667 592 784 655 duobus
808 602 855 655 ter
878 601 908 653 et
930 595 1042 654 viciens
1064 593 1244 654 vulnera-5

185 691 234 744 tus
258 692 312 765 est,
335 682 373 742 ob
396 683 427 743 id
450 690 556 743 neutra
580 700 677 763 manu,
701 689 808 743 neutro
831 681 907 762 pede
931 685 1003 742 satis
1025 682 1116 764 utilis,
1140 701 1211 742 uno

184 780 300 832 tantum
324 790 419 852 servo,
441 772 577 850 plurimis
595 779 698 850 postea
721 771 877 851 stipendiis
899 770 1004 832 debilis
1028 771 1121 832 miles.
1156 769 1211 831 bis

185 860 221 922 ab
244 860 407 921 Hannibale
430 868 534 941 captus
563 893 605 902 —
634 879 730 940 neque
759 863 839 920 enim
867 878 936 920 cum
959 859 1091 938 quolibet
1113 859 1210 920 hoste

184 969 234 1011 res
258 950 314 1011 fuit
333 983 385 1030 -,
407 948 454 1009 bis
477 950 664 1010 vinculorum
687 951 751 1010 eius
769 949 923 1030 profugae,
947 951 978 1009 in
997 950 1100 1027 viginti
1118 967 1209 1008 men-

185 1038 267 1100 sibus
290 1038 372 1099 nullo
395 1057 455 1099 non
476 1037 524 1098 die
547 1040 578 1098 in
602 1039 714 1098 catenis
737 1045 788 1097 aut
807 1036 1000 1117 compedibus
1024 1038 1209 1098 custoditus
1225 1055 1256 1094 ro

131 1136 185 1185 105·
194 1131 315 1189 sinistra
338 1145 427 1188 manu
448 1127 509 1186 sola
532 1146 595 1198 qno
615 1129 665 1188 die
682 1133 789 1205 quater
807 1128 957 1207 pugnavit,
978 1125 1095 1187 duobus
1116 1128 1209 1204 equis

184 1217 332 1277 insidente
356 1235 391 1276 eo
416 1217 558 1277 suffossis
605 1214 739 1275 dextram
762 1215 819 1274 sibi
842 1216 970 1275 ferream
993 1215 1076 1294 feeit,
1106 1233 1208 1293 eaque

185 1305 306 1383 religata
324 1303 486 1384 proeliatus
506 1303 681 1364 Cremonam
704 1302 858 1364 obsidione
881 1305 999 1385 exemit,
1020 1303 1208 1364 Placentiam

185 1401 299 1454 tutatus
323 1400 381 1474 est,
405 1393 540 1453 duodena
563 1400 661 1454 castra
683 1393 815 1454 hostium
837 1395 868 1452 in
892 1392 982 1452 Gallia
1006 1393 1097 1472 cepit,
1125 1410 1206 1470 quae

185 1484 284 1541 omnia
313 1500 349 1540 ex
372 1483 506 1542 oratione
536 1483 599 1542 eius
623 1489 766 1561 apparent
789 1479 888 1541 habita
911 1500 981 1541 cum
1007 1482 1038 1541 in
1061 1487 1251 1566 praeturam

186 1572 278 1629 sacris
302 1578 456 1630 arceretur
478 1589 495 1628 a
517 1568 638 1648 collegis
661 1577 695 1630 ut
716 1569 830 1650 debilis,
854 1588 928 1648 quos
951 1569 999 1629 hic
1024 1587 1207 1632 coronarum

132 1667 185 1717 106
195 1676 316 1719 acervos
349 1665 577 1719 constructurus
606 1658 693 1720 hoste
725 1656 853 1720 mutato!
900 1660 1011 1718 etenim
1040 1656 1207 1737 plurimum

186 1747 293 1827 refert,
325 1749 356 1806 in
384 1744 467 1824 quae'
488 1747 632 1825 cuiusque
655 1749 751 1807 virtus
773 1754 908 1826 tempora
935 1747 1082 1808 inciderit.
1129 1763 1205 1824 quas

136 1887 137 1892 ,
187 1833 295 1894 Trebia
318 1835 475 1895 Ticinusve
504 1842 555 1894 aut
577 1835 790 1896 Trasimennus
818 1838 924 1896 civicas
952 1832 1085 1896 dedere?
1126 1853 1205 1913 quae

187 1921 296 1982 Cannis
315 1941 425 1984 corona
443 1925 562 2004 merita,
585 1923 664 1984 unde
684 1924 795 2004 fugisse
817 1925 935 1985 virtutis
959 1941 1108 1984 summum
1127 1943 1204 2004 opus
1219 1941 1247 1980 so

187 2007 267 2072 fuit?
313 2014 406 2072 ceteri
437 2013 572 2091 profecto
602 2016 730 2073 victores
760 2013 913 2073 bominum
944 2012 1042 2093 fuere,
1080 2010 1204 2091 Sergius

186 2101 257 2160 vicit
280 2103 369 2161 etiam
392 2102 550 2161 fortunam.
711 2176 712 2187 ἵ
891 2170 897 2179 Ἴ

134 2196 185 2246 107
265 2183 323 2251 29.
356 2183 430 2272 (30)
476 2189 669 2268 Ingeniorum
695 2190 804 2269 gloriae
833 2191 900 2268 quis
922 2191 1018 2268 possit
1040 2207 1127 2268 agere
1152 2189 1202 2250 de·

185 2277 298 2339 lectum
328 2296 384 2358 per
415 2286 460 2338 tot
492 2278 715 2358 disciplinarum
746 2297 857 2357 genera
893 2286 923 2338 et
955 2285 1066 2338 tantam
1099 2297 1203 2338 rerum

187 2385 371 2446 operumque
403 2369 589 2449 varietatem,
626 2370 684 2428 nisi
715 2369 792 2427 forte
825 2366 954 2427 Homero
991 2374 1057 2427 vate
1090 2366 1201 2427 Graeco
1217 2383 1244 2424 es

186 2456 302 2517 nullum
325 2456 440 2516 felicius
465 2459 613 2517 exstitisse
637 2459 787 2537 convenit,
817 2459 878 2516 sive
901 2457 1001 2536 operis
1025 2455 1118 2516 forma
1140 2458 1201 2516 sire

135 2551 186 2602 108
196 2547 320 2604 materie
344 2541 542 2606 aestimetru‘?
578 2549 677 2624 itaque
700 2544 865 2605 Alexander
888 2544 1011 2622 Magnus
1031 2578 1072 2586 —-
1093 2547 1201 2604 etenim

186 2632 353 2710 insignibus
380 2635 497 2694 iudiciis
526 2637 635 2714 optime
663 2637 796 2713 citraque
824 2632 963 2693 invidiam
987 2641 1047 2693 tam
1075 2632 1202 2711 superba

187 2739 315 2781 censura
341 2730 501 2801 peragetur
531 2756 573 2764 —
603 2725 682 2782 inter
709 2721 802 2802 spolia
829 2721 910 2782 Darii
935 2721 1096 2782 Persarum
1122 2724 1201 2801 regis

186 2818 410 2888 unguentorum
445 2812 554 2871 scrinio
588 2819 686 2892 capto,
724 2811 803 2890 quod
835 2818 899 2872 erat
930 2827 1004 2870 auro
1036 2812 1200 2888 margaritis
1215 2827 1241 2867 ao

187 2901 371 2977 gemmisque
389 2900 563 2979 pretiosum,
586 2901 682 2959 varios
702 2903 767 2960 eius
785 2918 859 2960 usus
877 2900 980 2959 amicis
999 2899 1199 2960 demonstran·

187 2986 276 3067 tibus,
300 2985 417 3066 quando
440 2986 577 3048 taedebat
599 2991 745 3067 unguenti
762 2987 937 3049 bellatorem
960 2994 990 3047 et
1012 2987 1117 3048 militia
1139 3006 1198 3048 sor-

187 3074 307 3135 didum:
352 3078 456 3136 immo
493 3075 661 3157 Hercule,
698 3080 807 3159 inquit,
844 3076 1022 3137 librorum
1058 3075 1198 3136 Homeri

187 3163 374 3224 custodiae
398 3164 517 3245 detur,
541 3173 574 3224 ut
596 3167 846 3244 pretiosissimum
869 3166 991 3226 bumani
1014 3166 1104 3225 aniani
1127 3183 1197 3244 opus

260 3430 292 3476 11
311 3441 368 3478 una
385 3423 430 3477 die
450 3424 610 3480 Mommsen.
629 3423 887 3491 odSolin.1,104.
911 3441 962 3480 om.
981 3426 1008 3478 ll.
1073 3429 1108 3477 20
1126 3382 1195 3478 iride-

187 3492 259 3548 fesse
282 3493 323 3548 1¹⁹.
358 3497 362 3563 Ι
396 3495 507 3549 virtutis
525 3495 610 3550 ride.
636 3496 676 3548 -te
694 3500 725 3548 B.
752 3497 792 3550 -te
810 3513 834 3550 r.
924 3501 958 3550 26
981 3493 1073 3550 forma
1095 3493 1195 3551 Strack.

186 3580 253 3620 vers.
275 3565 351 3620 Ptin.
370 3569 390 3618 I
399 3583 430 3635 p.
449 3569 483 3618 Χ.
508 3565 621 3621 fortuna
639 3567 704 3620 lic.
772 3571 808 3621 30
826 3566 860 3621 de
879 3583 946 3621 auro
965 3584 989 3621 a.
1018 3582 1122 3621 oauro
1140 3572 1167 3621 o.
