<?xml version="1.0" encoding="UTF-8"?>
<!DOCTYPE html PUBLIC "-//W3C//DTD XHTML 1.0 Transitional//EN"
    "http://www.w3.org/TR/xhtml1/DTD/xhtml1-transitional.dtd">
<html xmlns="http://www.w3.org/1999/xhtml" xml:lang="en" lang="en">
 <head>
  <title>
</title>
<meta http-equiv="Content-Type" content="text/html;charset=utf-8" />
  <meta name='ocr-system' content='tesseract 3.04.00' />
  <meta name='ocr-capabilities' content='ocr_page ocr_carea ocr_par ocr_line ocrx_word'/>
</head>
<body>
  <div class='ocr_page' id='page_1' title='image "./cplinisecundina02mayhgoog_0029.png"; bbox 0 0 2608 3958; ppageno 0'>
   <div class='ocr_carea' id='block_1_1' title="bbox 154 103 761 174">
    <p class='ocr_par' dir='ltr' id='par_1_1' title="bbox 154 103 761 174">
     <span class='ocr_line' id='line_1_1' title="bbox 154 103 761 174; baseline -0.002 -17"><span class='ocrx_word' id='word_1_1' title='bbox 154 127 242 174; x_wconf 70' lang='lat' dir='ltr'>XXIV</span> <span class='ocrx_word' id='word_1_2' title='bbox 554 103 761 166; x_wconf 78' lang='lat' dir='ltr'><strong>PRAEFATIO</strong></span> 
     </span>
    </p>
   </div>
   <div class='ocr_carea' id='block_1_2' title="bbox 154 251 1182 1842">
    <p class='ocr_par' dir='ltr' id='par_1_2' title="bbox 154 251 1182 864">
     <span class='ocr_line' id='line_1_2' title="bbox 154 251 1182 330; baseline -0.003 -15"><span class='ocrx_word' id='word_1_3' title='bbox 154 259 256 315; x_wconf 89' lang='lat' dir='ltr'>torum</span> <span class='ocrx_word' id='word_1_4' title='bbox 278 273 365 313; x_wconf 91' lang='lat' dir='ltr'>nemo</span> <span class='ocrx_word' id='word_1_5' title='bbox 393 254 534 313; x_wconf 76' lang='lat' dir='ltr'><strong>disseruit</strong></span> <span class='ocrx_word' id='word_1_6' title='bbox 560 257 682 330; x_wconf 87' lang='lat' dir='ltr'>praeter</span> <span class='ocrx_word' id='word_1_7' title='bbox 705 253 869 329; x_wconf 78' lang='lat' dir='ltr'>Silligium,</span> <span class='ocrx_word' id='word_1_8' title='bbox 901 251 964 328; x_wconf 85' lang='lat' dir='ltr'>qui,</span> <span class='ocrx_word' id='word_1_9' title='bbox 988 271 1182 329; x_wconf 86' lang='lat' dir='ltr'>quamquam·</span> 
     </span>
     <span class='ocr_line' id='line_1_3' title="bbox 154 341 1171 419; baseline -0.001 -16"><span class='ocrx_word' id='word_1_10' title='bbox 154 343 333 404; x_wconf 83' lang='lat' dir='ltr'>Remonicus</span> <span class='ocrx_word' id='word_1_11' title='bbox 366 342 609 419; x_wconf 90' lang='lat' dir='ltr'>disquisitionum</span> <span class='ocrx_word' id='word_1_12' title='bbox 639 343 847 402; x_wconf 89' lang='lat' dir='ltr'>Plinianarum</span> <span class='ocrx_word' id='word_1_13' title='bbox 875 341 957 416; x_wconf 88' lang='lat' dir='ltr'>Hp.</span> <span class='ocrx_word' id='word_1_14' title='bbox 982 343 1171 402; x_wconf 78' lang='lat'>276-361</span> 
     </span>
     <span class='ocr_line' id='line_1_4' title="bbox 156 429 1176 507; baseline 0 -15"><span class='ocrx_word' id='word_1_15' title='bbox 156 433 302 492; x_wconf 78' lang='lat' dir='ltr'>editiones</span> <span class='ocrx_word' id='word_1_16' title='bbox 333 449 434 491; x_wconf 90' lang='lat' dir='ltr'>omnes</span> <span class='ocrx_word' id='word_1_17' title='bbox 466 432 653 490; x_wconf 87' lang='lat' dir='ltr'>enumeravit</span> <span class='ocrx_word' id='word_1_18' title='bbox 683 435 713 490; x_wconf 88' lang='lat' dir='ltr'>at</span> <span class='ocrx_word' id='word_1_19' title='bbox 743 449 819 507; x_wconf 89' lang='lat' dir='ltr'>quae</span> <span class='ocrx_word' id='word_1_20' title='bbox 849 429 889 488; x_wconf 88' lang='lat' dir='ltr'>ad</span> <span class='ocrx_word' id='word_1_21' title='bbox 915 429 1176 506; x_wconf 85' lang='lat' dir='ltr'>bibliograpbiam</span> 
     </span>
     <span class='ocr_line' id='line_1_5' title="bbox 155 519 1178 598; baseline 0 -18"><span class='ocrx_word' id='word_1_22' title='bbox 155 522 308 598; x_wconf 90' lang='lat' dir='ltr'>pertinent</span> <span class='ocrx_word' id='word_1_23' title='bbox 326 521 494 596; x_wconf 75' lang='lat' dir='ltr'>descripsit,</span> <span class='ocrx_word' id='word_1_24' title='bbox 518 523 620 579; x_wconf 87' lang='lat' dir='ltr'>tamen</span> <span class='ocrx_word' id='word_1_25' title='bbox 642 521 674 578; x_wconf 91' lang='lat' dir='ltr'>in</span> <span class='ocrx_word' id='word_1_26' title='bbox 696 519 847 579; x_wconf 79' lang='lat' dir='ltr'>nonnullis</span> <span class='ocrx_word' id='word_1_27' title='bbox 865 519 938 581; x_wconf 88' lang='lat' dir='ltr'>loeis</span> <span class='ocrx_word' id='word_1_28' title='bbox 962 519 1090 596; x_wconf 65' lang='lat' dir='ltr'>erravit,</span> <span class='ocrx_word' id='word_1_29' title='bbox 1112 537 1178 580; x_wconf 79' lang='lat' dir='ltr'>non</span> 
     </span>
     <span class='ocr_line' id='line_1_6' title="bbox 157 607 1175 684; baseline 0 -14"><span class='ocrx_word' id='word_1_30' title='bbox 157 612 210 670; x_wconf 89' lang='lat' dir='ltr'>abs</span> <span class='ocrx_word' id='word_1_31' title='bbox 234 629 267 668; x_wconf 91' lang='lat' dir='ltr'>re</span> <span class='ocrx_word' id='word_1_32' title='bbox 286 610 344 668; x_wconf 81' lang='lat' dir='ltr'>erit</span> <span class='ocrx_word' id='word_1_33' title='bbox 362 609 486 669; x_wconf 85' lang='lat' dir='ltr'>brevem</span> <span class='ocrx_word' id='word_1_34' title='bbox 508 609 630 668; x_wconf 87' lang='lat' dir='ltr'>illarum</span> <span class='ocrx_word' id='word_1_35' title='bbox 652 627 808 670; x_wconf 79' lang='lat' dir='ltr'>recensum</span> <span class='ocrx_word' id='word_1_36' title='bbox 830 607 989 668; x_wconf 87' lang='lat' dir='ltr'>instituere</span> <span class='ocrx_word' id='word_1_37' title='bbox 1012 610 1043 668; x_wconf 86' lang='lat' dir='ltr'>et</span> <span class='ocrx_word' id='word_1_38' title='bbox 1066 608 1175 684; x_wconf 72' lang='lat' dir='ltr'>quales</span> 
     </span>
     <span class='ocr_line' id='line_1_7' title="bbox 157 697 1177 775; baseline 0 -17"><span class='ocrx_word' id='word_1_39' title='bbox 157 719 209 759; x_wconf 91' lang='lat' dir='ltr'>eae</span> <span class='ocrx_word' id='word_1_40' title='bbox 233 700 294 758; x_wconf 91' lang='lat' dir='ltr'>sint</span> <span class='ocrx_word' id='word_1_41' title='bbox 318 716 392 775; x_wconf 89' lang='lat' dir='ltr'>quas</span> <span class='ocrx_word' id='word_1_42' title='bbox 416 717 472 774; x_wconf 90' lang='lat' dir='ltr'>ego</span> <span class='ocrx_word' id='word_1_43' title='bbox 496 697 620 756; x_wconf 77' lang='lat' dir='ltr'>adhibui</span> <span class='ocrx_word' id='word_1_44' title='bbox 648 717 795 774; x_wconf 86' lang='lat' dir='ltr'>quemque</span> <span class='ocrx_word' id='word_1_45' title='bbox 822 697 922 759; x_wconf 89' lang='lat' dir='ltr'>locum</span> <span class='ocrx_word' id='word_1_46' title='bbox 947 697 1028 756; x_wconf 85' lang='lat' dir='ltr'>iuter</span> <span class='ocrx_word' id='word_1_47' title='bbox 1056 699 1177 758; x_wconf 83' lang='lat' dir='ltr'>ceteras</span> 
     </span>
     <span class='ocr_line' id='line_1_8' title="bbox 156 791 460 864; baseline -0.01 -16"><span class='ocrx_word' id='word_1_48' title='bbox 156 791 280 848; x_wconf 75' lang='lat' dir='ltr'>teneant</span> <span class='ocrx_word' id='word_1_49' title='bbox 303 805 460 864; x_wconf 85' lang='lat' dir='ltr'>exponere.</span> 
     </span>
    </p>

    <p class='ocr_par' dir='ltr' id='par_1_3' title="bbox 157 874 1178 1842">
     <span class='ocr_line' id='line_1_9' title="bbox 223 874 1174 953; baseline 0 -18"><span class='ocrx_word' id='word_1_50' title='bbox 223 877 324 953; x_wconf 79' lang='lat' dir='ltr'>Atque</span> <span class='ocrx_word' id='word_1_51' title='bbox 348 875 493 936; x_wconf 85' lang='lat' dir='ltr'>editiones</span> <span class='ocrx_word' id='word_1_52' title='bbox 518 875 638 952; x_wconf 90' lang='lat' dir='ltr'>quidem</span> <span class='ocrx_word' id='word_1_53' title='bbox 659 875 830 950; x_wconf 85' lang='lat' dir='ltr'>publicatae</span> <span class='ocrx_word' id='word_1_54' title='bbox 855 877 925 934; x_wconf 88' lang='lat' dir='ltr'>sunt</span> <span class='ocrx_word' id='word_1_55' title='bbox 947 876 1018 935; x_wconf 83' lang='lat' dir='ltr'>aute</span> <span class='ocrx_word' id='word_1_56' title='bbox 1040 874 1174 949; x_wconf 78' lang='lat' dir='ltr'>primam</span> 
     </span>
     <span class='ocr_line' id='line_1_10' title="bbox 157 961 1173 1041; baseline -0.002 -15"><span class='ocrx_word' id='word_1_57' title='bbox 157 966 307 1026; x_wconf 88' lang='lat' dir='ltr'>Harduini</span> <span class='ocrx_word' id='word_1_58' title='bbox 330 964 493 1025; x_wconf 88' lang='lat' dir='ltr'>editionem</span> <span class='ocrx_word' id='word_1_59' title='bbox 514 983 638 1024; x_wconf 85' lang='lat' dir='ltr'>numero</span> <span class='ocrx_word' id='word_1_60' title='bbox 664 967 681 1024; x_wconf 79' lang='lat'>7</span> <span class='ocrx_word' id='word_1_61' title='bbox 686 966 719 1041; x_wconf 85' lang='lat'>5,</span> <span class='ocrx_word' id='word_1_62' title='bbox 747 963 799 1041; x_wconf 84' lang='lat' dir='ltr'>sed</span> <span class='ocrx_word' id='word_1_63' title='bbox 822 962 910 1040; x_wconf 89' lang='lat' dir='ltr'>pauci</span> <span class='ocrx_word' id='word_1_64' title='bbox 933 963 1004 1022; x_wconf 88' lang='lat' dir='ltr'>sunt</span> <span class='ocrx_word' id='word_1_65' title='bbox 1031 961 1173 1038; x_wconf 81' lang='lat' dir='ltr'>editores,</span> 
     </span>
     <span class='ocr_line' id='line_1_11' title="bbox 158 1052 1175 1134; baseline -0.003 -20"><span class='ocrx_word' id='word_1_66' title='bbox 158 1074 286 1134; x_wconf 85' lang='lat' dir='ltr'>quorum</span> <span class='ocrx_word' id='word_1_67' title='bbox 304 1073 397 1130; x_wconf 90' lang='lat' dir='ltr'>opera</span> <span class='ocrx_word' id='word_1_68' title='bbox 409 1055 511 1114; x_wconf 87' lang='lat' dir='ltr'>textus</span> <span class='ocrx_word' id='word_1_69' title='bbox 530 1053 772 1113; x_wconf 81' lang='lat' dir='ltr'>emendationem</span> <span class='ocrx_word' id='word_1_70' title='bbox 791 1052 979 1128; x_wconf 89' lang='lat' dir='ltr'>aliquantum</span> <span class='ocrx_word' id='word_1_71' title='bbox 995 1053 1175 1127; x_wconf 83' lang='lat' dir='ltr'>provectam</span> 
     </span>
     <span class='ocr_line' id='line_1_12' title="bbox 159 1139 1177 1218; baseline -0.006 -14"><span class='ocrx_word' id='word_1_72' title='bbox 159 1163 223 1204; x_wconf 88' lang='lat' dir='ltr'>esse</span> <span class='ocrx_word' id='word_1_73' title='bbox 246 1143 437 1203; x_wconf 89' lang='lat' dir='ltr'>iudicandum</span> <span class='ocrx_word' id='word_1_74' title='bbox 461 1143 508 1202; x_wconf 89' lang='lat' dir='ltr'>sit.</span> <span class='ocrx_word' id='word_1_75' title='bbox 553 1160 624 1201; x_wconf 88' lang='lat' dir='ltr'>nam</span> <span class='ocrx_word' id='word_1_76' title='bbox 651 1143 916 1218; x_wconf 84' lang='lat' dir='ltr'>quotienscumque</span> <span class='ocrx_word' id='word_1_77' title='bbox 944 1141 1033 1208; x_wconf 89' lang='lat' dir='ltr'>homo</span> <span class='ocrx_word' id='word_1_78' title='bbox 1059 1139 1177 1215; x_wconf 83' lang='lat' dir='ltr'>insigni</span> 
     </span>
     <span class='ocr_line' id='line_1_13' title="bbox 159 1227 1175 1308; baseline -0.005 -15"><span class='ocrx_word' id='word_1_79' title='bbox 159 1237 189 1293; x_wconf 87' lang='lat' dir='ltr'>et</span> <span class='ocrx_word' id='word_1_80' title='bbox 212 1233 364 1293; x_wconf 89' lang='lat' dir='ltr'>doetrinae</span> <span class='ocrx_word' id='word_1_81' title='bbox 388 1233 473 1308; x_wconf 88' lang='lat' dir='ltr'>copia</span> <span class='ocrx_word' id='word_1_82' title='bbox 496 1235 527 1291; x_wconf 91' lang='lat' dir='ltr'>et</span> <span class='ocrx_word' id='word_1_83' title='bbox 549 1231 662 1308; x_wconf 87' lang='lat' dir='ltr'>ingenii</span> <span class='ocrx_word' id='word_1_84' title='bbox 685 1231 748 1290; x_wconf 87' lang='lat' dir='ltr'>acie</span> <span class='ocrx_word' id='word_1_85' title='bbox 770 1230 925 1307; x_wconf 87' lang='lat' dir='ltr'>praeditus</span> <span class='ocrx_word' id='word_1_86' title='bbox 953 1229 1054 1288; x_wconf 87' lang='lat' dir='ltr'>studia</span> <span class='ocrx_word' id='word_1_87' title='bbox 1075 1227 1175 1304; x_wconf 80' lang='lat' dir='ltr'>Plinio</span> 
     </span>
     <span class='ocr_line' id='line_1_14' title="bbox 157 1317 1177 1400; baseline -0.004 -20"><span class='ocrx_word' id='word_1_88' title='bbox 157 1321 358 1400; x_wconf 85' lang='lat' dir='ltr'>impenderat,</span> <span class='ocrx_word' id='word_1_89' title='bbox 385 1321 607 1397; x_wconf 84' lang='lat' dir='ltr'>insequentium</span> <span class='ocrx_word' id='word_1_90' title='bbox 630 1320 780 1379; x_wconf 89' lang='lat' dir='ltr'>editorum</span> <span class='ocrx_word' id='word_1_91' title='bbox 803 1321 924 1378; x_wconf 87' lang='lat' dir='ltr'>caterva</span> <span class='ocrx_word' id='word_1_92' title='bbox 951 1317 1082 1394; x_wconf 78' lang='lat' dir='ltr'>vestigia</span> <span class='ocrx_word' id='word_1_93' title='bbox 1108 1317 1177 1376; x_wconf 88' lang='lat' dir='ltr'>eius</span> 
     </span>
     <span class='ocr_line' id='line_1_15' title="bbox 158 1405 1178 1487; baseline -0.002 -19"><span class='ocrx_word' id='word_1_94' title='bbox 158 1411 324 1487; x_wconf 78' lang='lat' dir='ltr'>premebat,</span> <span class='ocrx_word' id='word_1_95' title='bbox 347 1412 382 1468; x_wconf 92' lang='lat' dir='ltr'>ut</span> <span class='ocrx_word' id='word_1_96' title='bbox 400 1409 524 1484; x_wconf 85' lang='lat' dir='ltr'>grandis</span> <span class='ocrx_word' id='word_1_97' title='bbox 546 1409 598 1466; x_wconf 89' lang='lat' dir='ltr'>ille</span> <span class='ocrx_word' id='word_1_98' title='bbox 622 1409 788 1468; x_wconf 86' lang='lat' dir='ltr'>editionum</span> <span class='ocrx_word' id='word_1_99' title='bbox 804 1427 947 1466; x_wconf 89' lang='lat' dir='ltr'>numerus</span> <span class='ocrx_word' id='word_1_100' title='bbox 969 1425 1030 1466; x_wconf 88' lang='lat' dir='ltr'>non</span> <span class='ocrx_word' id='word_1_101' title='bbox 1047 1409 1112 1468; x_wconf 90' lang='lat' dir='ltr'>tam</span> <span class='ocrx_word' id='word_1_102' title='bbox 1135 1405 1178 1466; x_wconf 89' lang='lat' dir='ltr'>ab</span> 
     </span>
     <span class='ocr_line' id='line_1_16' title="bbox 159 1494 1177 1574; baseline -0.005 -15"><span class='ocrx_word' id='word_1_103' title='bbox 159 1500 309 1559; x_wconf 87' lang='lat' dir='ltr'>editorum</span> <span class='ocrx_word' id='word_1_104' title='bbox 331 1515 422 1574; x_wconf 91' lang='lat' dir='ltr'>quam</span> <span class='ocrx_word' id='word_1_105' title='bbox 444 1516 462 1555; x_wconf 89' lang='lat' dir='ltr'>a</span> <span class='ocrx_word' id='word_1_106' title='bbox 485 1499 747 1574; x_wconf 81' lang='lat' dir='ltr'>typographorum</span> <span class='ocrx_word' id='word_1_107' title='bbox 768 1497 918 1556; x_wconf 87' lang='lat' dir='ltr'>industria</span> <span class='ocrx_word' id='word_1_108' title='bbox 944 1495 1097 1572; x_wconf 82' lang='lat' dir='ltr'>proiectus</span> <span class='ocrx_word' id='word_1_109' title='bbox 1125 1494 1177 1554; x_wconf 87' lang='lat' dir='ltr'>sit.</span> 
     </span>
     <span class='ocr_line' id='line_1_17' title="bbox 158 1584 1176 1663; baseline -0.006 -16"><span class='ocrx_word' id='word_1_110' title='bbox 158 1591 235 1648; x_wconf 90' lang='lat' dir='ltr'>tres</span> <span class='ocrx_word' id='word_1_111' title='bbox 254 1588 357 1645; x_wconf 89' lang='lat' dir='ltr'>autem</span> <span class='ocrx_word' id='word_1_112' title='bbox 375 1586 461 1662; x_wconf 89' lang='lat' dir='ltr'>quasi</span> <span class='ocrx_word' id='word_1_113' title='bbox 484 1588 626 1646; x_wconf 84' lang='lat' dir='ltr'>aetates</span> <span class='ocrx_word' id='word_1_114' title='bbox 649 1585 871 1663; x_wconf 87' lang='lat' dir='ltr'>progredientis</span> <span class='ocrx_word' id='word_1_115' title='bbox 891 1584 1106 1646; x_wconf 87' lang='lat' dir='ltr'>emendationis</span> <span class='ocrx_word' id='word_1_116' title='bbox 1124 1601 1176 1642; x_wconf 89' lang='lat' dir='ltr'>us-</span> 
     </span>
     <span class='ocr_line' id='line_1_18' title="bbox 160 1673 1175 1754; baseline -0.004 -20"><span class='ocrx_word' id='word_1_117' title='bbox 160 1695 217 1754; x_wconf 90' lang='lat' dir='ltr'>que</span> <span class='ocrx_word' id='word_1_118' title='bbox 241 1674 279 1734; x_wconf 90' lang='lat' dir='ltr'>ad</span> <span class='ocrx_word' id='word_1_119' title='bbox 301 1675 491 1734; x_wconf 87' lang='lat' dir='ltr'>Harduinum</span> <span class='ocrx_word' id='word_1_120' title='bbox 513 1676 587 1752; x_wconf 86' lang='lat' dir='ltr'>puto</span> <span class='ocrx_word' id='word_1_121' title='bbox 612 1675 740 1734; x_wconf 81' lang='lat' dir='ltr'>discerni</span> <span class='ocrx_word' id='word_1_122' title='bbox 762 1693 863 1750; x_wconf 87' lang='lat' dir='ltr'>posse,</span> <span class='ocrx_word' id='word_1_123' title='bbox 890 1693 1018 1750; x_wconf 87' lang='lat' dir='ltr'>quarum</span> <span class='ocrx_word' id='word_1_124' title='bbox 1045 1673 1175 1749; x_wconf 84' lang='lat' dir='ltr'>prima,</span> 
     </span>
     <span class='ocr_line' id='line_1_19' title="bbox 160 1763 1175 1842; baseline -0.004 -19"><span class='ocrx_word' id='word_1_125' title='bbox 160 1783 236 1842; x_wconf 89' lang='lat' dir='ltr'>qnae</span> <span class='ocrx_word' id='word_1_126' title='bbox 264 1763 420 1822; x_wconf 82' lang='lat' dir='ltr'>duodecim</span> <span class='ocrx_word' id='word_1_127' title='bbox 449 1763 526 1822; x_wconf 86' lang='lat' dir='ltr'>vidit</span> <span class='ocrx_word' id='word_1_128' title='bbox 555 1763 714 1838; x_wconf 84' lang='lat' dir='ltr'>editiones,</span> <span class='ocrx_word' id='word_1_129' title='bbox 743 1764 854 1840; x_wconf 85' lang='lat' dir='ltr'>viginti</span> <span class='ocrx_word' id='word_1_130' title='bbox 882 1763 940 1824; x_wconf 92' lang='lat' dir='ltr'>duo</span> <span class='ocrx_word' id='word_1_131' title='bbox 971 1780 1064 1821; x_wconf 88' lang='lat' dir='ltr'>annos</span> <span class='ocrx_word' id='word_1_132' title='bbox 1094 1780 1175 1820; x_wconf 89' lang='lat' dir='ltr'>oom-</span> 
     </span>
    </p>
   </div>
   <div class='ocr_carea' id='block_1_3' title="bbox 108 1849 1298 2018">
    <p class='ocr_par' dir='ltr' id='par_1_4' title="bbox 108 1849 1298 2018">
     <span class='ocr_line' id='line_1_20' title="bbox 108 1849 1298 1930; baseline -0.004 -18"><span class='ocrx_word' id='word_1_133' title='bbox 108 1889 111 1892; x_wconf 88' lang='lat'><strong>·</strong></span> <span class='ocrx_word' id='word_1_134' title='bbox 159 1853 302 1930; x_wconf 84' lang='lat' dir='ltr'>plectitur</span> <span class='ocrx_word' id='word_1_135' title='bbox 330 1853 361 1910; x_wconf 90' lang='lat' dir='ltr'>et</span> <span class='ocrx_word' id='word_1_136' title='bbox 387 1870 483 1927; x_wconf 91' lang='lat' dir='ltr'>usque</span> <span class='ocrx_word' id='word_1_137' title='bbox 511 1852 550 1910; x_wconf 89' lang='lat' dir='ltr'>ad</span> <span class='ocrx_word' id='word_1_138' title='bbox 576 1871 602 1911; x_wconf 91' lang='lat' dir='ltr'>a.</span> <span class='ocrx_word' id='word_1_139' title='bbox 628 1855 711 1912; x_wconf 82' lang='lat'>1491</span> <span class='ocrx_word' id='word_1_140' title='bbox 741 1853 882 1927; x_wconf 88' lang='lat' dir='ltr'>pertinet.</span> <span class='ocrx_word' id='word_1_141' title='bbox 933 1852 1066 1912; x_wconf 90' lang='lat' dir='ltr'>omnium</span> <span class='ocrx_word' id='word_1_142' title='bbox 1092 1849 1175 1908; x_wconf 91' lang='lat' dir='ltr'>enim</span> <span class='ocrx_word' id='word_1_143' title='bbox 1297 1891 1298 1930; x_wconf 43' lang='lat' dir='ltr'>q</span> 
     </span>
     <span class='ocr_line' id='line_1_21' title="bbox 159 1935 1298 2018; baseline -0.003 -19"><span class='ocrx_word' id='word_1_144' title='bbox 159 1942 360 2018; x_wconf 88' lang='lat' dir='ltr'>principem</span> <span class='ocrx_word' id='word_1_145' title='bbox 374 1959 400 1999; x_wconf 89' lang='lat' dir='ltr'>a.</span> <span class='ocrx_word' id='word_1_146' title='bbox 418 1943 501 2000; x_wconf 87' lang='grc'><strong>1469</strong></span> <span class='ocrx_word' id='word_1_147' title='bbox 517 1940 681 2000; x_wconf 88' lang='lat' dir='ltr'>Venetiis</span> <span class='ocrx_word' id='word_1_148' title='bbox 696 1941 768 2000; x_wconf 89' lang='lat' dir='ltr'>fecit</span> <span class='ocrx_word' id='word_1_149' title='bbox 781 1941 907 2000; x_wconf 88' lang='lat' dir='ltr'>ioannes</span> <span class='ocrx_word' id='word_1_150' title='bbox 923 1939 1071 2016; x_wconf 84' lang='lat' dir='ltr'>Spirensis</span> <span class='ocrx_word' id='word_1_151' title='bbox 1086 1941 1175 2016; x_wconf 84' lang='lat' dir='ltr'>typo·</span> <span class='ocrx_word' id='word_1_152' title='bbox 1297 1935 1298 1988; x_wconf 79' lang='lat' dir='ltr'>l</span> 
     </span>
    </p>
   </div>
   <div class='ocr_carea' id='block_1_4' title="bbox 161 2028 1177 2286">
    <p class='ocr_par' dir='ltr' id='par_1_5' title="bbox 161 2028 1177 2286">
     <span class='ocr_line' id='line_1_22' title="bbox 161 2028 1177 2108; baseline -0.001 -19"><span class='ocrx_word' id='word_1_153' title='bbox 161 2031 295 2108; x_wconf 83' lang='lat' dir='ltr'>graphas</span> <span class='ocrx_word' id='word_1_154' title='bbox 319 2028 526 2106; x_wconf 82' lang='lat' dir='ltr'>Germanicus,</span> <span class='ocrx_word' id='word_1_155' title='bbox 550 2049 626 2106; x_wconf 90' lang='lat' dir='ltr'>quae</span> <span class='ocrx_word' id='word_1_156' title='bbox 649 2030 753 2107; x_wconf 78' lang='lat' dir='ltr'>editio,</span> <span class='ocrx_word' id='word_1_157' title='bbox 782 2049 848 2088; x_wconf 91' lang='lat' dir='ltr'>oum</span> <span class='ocrx_word' id='word_1_158' title='bbox 871 2047 932 2090; x_wconf 86' lang='lat' dir='ltr'>noa</span> <span class='ocrx_word' id='word_1_159' title='bbox 958 2030 1026 2104; x_wconf 87' lang='lat' dir='ltr'>plus</span> <span class='ocrx_word' id='word_1_160' title='bbox 1054 2030 1177 2088; x_wconf 87' lang='lat' dir='ltr'>eentum</span> 
     </span>
     <span class='ocr_line' id='line_1_23' title="bbox 161 2117 1177 2195; baseline -0.003 -16"><span class='ocrx_word' id='word_1_161' title='bbox 161 2119 382 2195; x_wconf 84' lang='lat' dir='ltr'>exemplaribus</span> <span class='ocrx_word' id='word_1_162' title='bbox 407 2119 531 2195; x_wconf 84' lang='lat' dir='ltr'>vulgata</span> <span class='ocrx_word' id='word_1_163' title='bbox 554 2137 619 2178; x_wconf 88' lang='lat' dir='ltr'>csse</span> <span class='ocrx_word' id='word_1_164' title='bbox 641 2119 771 2193; x_wconf 85' lang='lat' dir='ltr'>feratur,</span> <span class='ocrx_word' id='word_1_165' title='bbox 794 2120 832 2178; x_wconf 94' lang='lat' dir='ltr'>ob</span> <span class='ocrx_word' id='word_1_166' title='bbox 856 2118 1014 2178; x_wconf 89' lang='lat' dir='ltr'>raritatem</span> <span class='ocrx_word' id='word_1_167' title='bbox 1038 2118 1075 2176; x_wconf 89' lang='lat' dir='ltr'>ab</span> <span class='ocrx_word' id='word_1_168' title='bbox 1099 2117 1177 2176; x_wconf 81' lang='lat' dir='ltr'>anti-</span> 
     </span>
     <span class='ocr_line' id='line_1_24' title="bbox 161 2207 1175 2286; baseline 0 -20"><span class='ocrx_word' id='word_1_169' title='bbox 161 2209 286 2286; x_wconf 86' lang='lat' dir='ltr'>quitatis</span> <span class='ocrx_word' id='word_1_170' title='bbox 309 2209 494 2267; x_wconf 88' lang='lat' dir='ltr'>amatoribus</span> <span class='ocrx_word' id='word_1_171' title='bbox 517 2209 549 2266; x_wconf 89' lang='lat' dir='ltr'>in</span> <span class='ocrx_word' id='word_1_172' title='bbox 572 2208 685 2266; x_wconf 88' lang='lat' dir='ltr'>deliciis</span> <span class='ocrx_word' id='word_1_173' title='bbox 708 2207 852 2284; x_wconf 78' lang='lat' dir='ltr'>habetur,</span> <span class='ocrx_word' id='word_1_174' title='bbox 871 2207 1045 2266; x_wconf 76' lang='lat' dir='ltr'>‘editoribus</span> <span class='ocrx_word' id='word_1_175' title='bbox 1073 2209 1175 2266; x_wconf 87' lang='lat' dir='ltr'>autem</span> 
     </span>
    </p>
   </div>
   <div class='ocr_carea' id='block_1_5' title="bbox 160 2295 1298 2374">
    <p class='ocr_par' dir='ltr' id='par_1_6' title="bbox 160 2295 1298 2374">
     <span class='ocr_line' id='line_1_25' title="bbox 160 2295 1298 2374; baseline -0.004 -16"><span class='ocrx_word' id='word_1_176' title='bbox 160 2298 317 2374; x_wconf 88' lang='lat' dir='ltr'>perpaucis</span> <span class='ocrx_word' id='word_1_177' title='bbox 340 2299 413 2355; x_wconf 89' lang='lat' dir='ltr'>nota</span> <span class='ocrx_word' id='word_1_178' title='bbox 435 2297 507 2374; x_wconf 86' lang='lat' dir='ltr'>fuit,</span> <span class='ocrx_word' id='word_1_179' title='bbox 533 2296 643 2355; x_wconf 89' lang='lat' dir='ltr'>nedum</span> <span class='ocrx_word' id='word_1_180' title='bbox 671 2296 709 2355; x_wconf 90' lang='lat' dir='ltr'>ad</span> <span class='ocrx_word' id='word_1_181' title='bbox 736 2315 858 2354; x_wconf 90' lang='lat' dir='ltr'>manum</span> <span class='ocrx_word' id='word_1_182' title='bbox 885 2299 972 2356; x_wconf 89' lang='lat' dir='ltr'>esset.</span> <span class='ocrx_word' id='word_1_183' title='bbox 1018 2295 1176 2356; x_wconf 89' lang='lat' dir='ltr'>Broterius</span> <span class='ocrx_word' id='word_1_184' title='bbox 1297 2371 1298 2374; x_wconf 8' lang='grc' dir='ltr'><strong>Ἴ</strong></span> 
     </span>
    </p>
   </div>
   <div class='ocr_carea' id='block_1_6' title="bbox 162 2383 1175 2454">
    <p class='ocr_par' dir='ltr' id='par_1_7' title="bbox 162 2383 1175 2454">
     <span class='ocr_line' id='line_1_26' title="bbox 162 2383 1175 2454; baseline 0 -8"><span class='ocrx_word' id='word_1_185' title='bbox 162 2405 228 2446; x_wconf 90' lang='lat' dir='ltr'>eam</span> <span class='ocrx_word' id='word_1_186' title='bbox 251 2405 267 2445; x_wconf 87' lang='lat' dir='ltr'>a</span> <span class='ocrx_word' id='word_1_187' title='bbox 290 2385 473 2444; x_wconf 88' lang='lat' dir='ltr'>bibliotheca</span> <span class='ocrx_word' id='word_1_188' title='bbox 495 2385 683 2444; x_wconf 86' lang='lat' dir='ltr'>Mazarinaea</span> <span class='ocrx_word' id='word_1_189' title='bbox 704 2385 923 2454; x_wconf 81' lang='lat' dir='ltr'>commodatam</span> <span class='ocrx_word' id='word_1_190' title='bbox 950 2386 982 2443; x_wconf 91' lang='lat' dir='ltr'>in</span> <span class='ocrx_word' id='word_1_191' title='bbox 1008 2403 1097 2446; x_wconf 90' lang='lat' dir='ltr'>usum</span> <span class='ocrx_word' id='word_1_192' title='bbox 1124 2383 1175 2446; x_wconf 80' lang='lat' dir='ltr'>ad-</span> 
     </span>
    </p>
   </div>
   <div class='ocr_carea' id='block_1_7' title="bbox 161 2471 1298 2817">
    <p class='ocr_par' dir='ltr' id='par_1_8' title="bbox 161 2471 1298 2817">
     <span class='ocr_line' id='line_1_27' title="bbox 161 2471 1280 2551; baseline -0.001 -18"><span class='ocrx_word' id='word_1_193' title='bbox 161 2475 269 2547; x_wconf 90' lang='lat' dir='ltr'>hibuit,</span> <span class='ocrx_word' id='word_1_194' title='bbox 291 2476 361 2549; x_wconf 90' lang='lat' dir='ltr'>post</span> <span class='ocrx_word' id='word_1_195' title='bbox 380 2491 449 2532; x_wconf 91' lang='lat' dir='ltr'>eum</span> <span class='ocrx_word' id='word_1_196' title='bbox 467 2473 602 2550; x_wconf 79' lang='lat' dir='ltr'>Silligius</span> <span class='ocrx_word' id='word_1_197' title='bbox 627 2475 787 2551; x_wconf 85' lang='lat' dir='ltr'>exemplar,</span> <span class='ocrx_word' id='word_1_198' title='bbox 811 2473 890 2551; x_wconf 91' lang='lat' dir='ltr'>quod</span> <span class='ocrx_word' id='word_1_199' title='bbox 909 2477 956 2534; x_wconf 89' lang='lat' dir='ltr'>est</span> <span class='ocrx_word' id='word_1_200' title='bbox 973 2473 1174 2533; x_wconf 85' lang='lat' dir='ltr'>bibliothecae</span> <span class='ocrx_word' id='word_1_201' title='bbox 1276 2471 1280 2482; x_wconf 84' lang='grc'><em>’</em></span> 
     </span>
     <span class='ocr_line' id='line_1_28' title="bbox 161 2553 1298 2640; baseline 0.003 -19"><span class='ocrx_word' id='word_1_202' title='bbox 161 2563 304 2638; x_wconf 86' lang='lat' dir='ltr'>Ienensis,</span> <span class='ocrx_word' id='word_1_203' title='bbox 324 2555 497 2637; x_wconf 70' lang='lat' dir='ltr'>‘diligenter</span> <span class='ocrx_word' id='word_1_204' title='bbox 511 2556 713 2640; x_wconf 85' lang='lat' dir='ltr'>examinavit&#39;,</span> <span class='ocrx_word' id='word_1_205' title='bbox 733 2563 785 2622; x_wconf 88' lang='lat' dir='ltr'>sed</span> <span class='ocrx_word' id='word_1_206' title='bbox 804 2557 831 2622; x_wconf 70' lang='lat' dir='ltr'>‘e</span> <span class='ocrx_word' id='word_1_207' title='bbox 846 2563 945 2622; x_wconf 88' lang='lat' dir='ltr'>codice</span> <span class='ocrx_word' id='word_1_208' title='bbox 964 2563 1039 2630; x_wconf 86' lang='lat' dir='ltr'>satia</span> <span class='ocrx_word' id='word_1_209' title='bbox 1053 2553 1175 2622; x_wconf 85' lang='lat' dir='ltr'>vitioso’</span> <span class='ocrx_word' id='word_1_210' title='bbox 1297 2561 1298 2624; x_wconf 57' lang='lat' dir='ltr'>l</span> 
     </span>
     <span class='ocr_line' id='line_1_29' title="bbox 162 2635 1298 2732; baseline 0 -22"><span class='ocrx_word' id='word_1_211' title='bbox 162 2651 343 2727; x_wconf 88' lang='lat' dir='ltr'>descriptam</span> <span class='ocrx_word' id='word_1_212' title='bbox 365 2668 433 2708; x_wconf 88' lang='lat' dir='ltr'>eam</span> <span class='ocrx_word' id='word_1_213' title='bbox 455 2669 519 2710; x_wconf 90' lang='lat' dir='ltr'>esse</span> <span class='ocrx_word' id='word_1_214' title='bbox 538 2651 614 2710; x_wconf 85' lang='lat' dir='ltr'>dixit</span> <span class='ocrx_word' id='word_1_215' title='bbox 632 2643 673 2732; x_wconf 83' lang='lat' dir='ltr'>(v.</span> <span class='ocrx_word' id='word_1_216' title='bbox 692 2652 787 2728; x_wconf 85' lang='lat' dir='ltr'>praef.</span> <span class='ocrx_word' id='word_1_217' title='bbox 800 2673 829 2728; x_wconf 93' lang='lat' dir='ltr'>p.</span> <span class='ocrx_word' id='word_1_218' title='bbox 844 2644 965 2732; x_wconf 82' lang='lat' dir='ltr'>LXIV),</span> <span class='ocrx_word' id='word_1_219' title='bbox 988 2651 1177 2712; x_wconf 88' lang='lat' dir='ltr'>consentiens</span> <span class='ocrx_word' id='word_1_220' title='bbox 1297 2635 1298 2704; x_wconf 73' lang='lat' dir='ltr'>i</span> 
     </span>
     <span class='ocr_line' id='line_1_30' title="bbox 161 2739 1298 2817; baseline 0 -19"><span class='ocrx_word' id='word_1_221' title='bbox 161 2741 213 2798; x_wconf 92' lang='lat' dir='ltr'>ille</span> <span class='ocrx_word' id='word_1_222' title='bbox 232 2739 353 2816; x_wconf 89' lang='lat' dir='ltr'>quidem</span> <span class='ocrx_word' id='word_1_223' title='bbox 372 2757 439 2798; x_wconf 89' lang='lat' dir='ltr'>cum</span> <span class='ocrx_word' id='word_1_224' title='bbox 456 2739 616 2800; x_wconf 85' lang='lat' dir='ltr'>Rezzonico</span> <span class='ocrx_word' id='word_1_225' title='bbox 635 2741 684 2801; x_wconf 89' lang='lat' dir='ltr'>l.l.</span> <span class='ocrx_word' id='word_1_226' title='bbox 697 2761 727 2816; x_wconf 91' lang='lat' dir='ltr'>p.</span> <span class='ocrx_word' id='word_1_227' title='bbox 743 2743 816 2815; x_wconf 73' lang='lat'>279,</span> <span class='ocrx_word' id='word_1_228' title='bbox 835 2741 887 2817; x_wconf 92' lang='lat' dir='ltr'>qui</span> <span class='ocrx_word' id='word_1_229' title='bbox 903 2741 1008 2800; x_wconf 91' lang='lat' dir='ltr'>multis</span> <span class='ocrx_word' id='word_1_230' title='bbox 1026 2740 1178 2799; x_wconf 83' lang='lat' dir='ltr'>maximis·</span> <span class='ocrx_word' id='word_1_231' title='bbox 1297 2785 1298 2808; x_wconf 38' lang='lat' dir='ltr'>q</span> 
     </span>
    </p>
   </div>
   <div class='ocr_carea' id='block_1_8' title="bbox 163 2827 1178 2994">
    <p class='ocr_par' dir='ltr' id='par_1_9' title="bbox 163 2827 1178 2994">
     <span class='ocr_line' id='line_1_31' title="bbox 163 2827 1178 2906; baseline -0.001 -19"><span class='ocrx_word' id='word_1_232' title='bbox 163 2847 220 2906; x_wconf 90' lang='lat' dir='ltr'>que</span> <span class='ocrx_word' id='word_1_233' title='bbox 241 2827 401 2888; x_wconf 87' lang='lat' dir='ltr'>&#39;erroribus</span> <span class='ocrx_word' id='word_1_234' title='bbox 430 2830 544 2888; x_wconf 88' lang='lat' dir='ltr'>scatere</span> <span class='ocrx_word' id='word_1_235' title='bbox 573 2848 639 2888; x_wconf 89' lang='lat' dir='ltr'>eam</span> <span class='ocrx_word' id='word_1_236' title='bbox 665 2829 816 2890; x_wconf 83' lang='lat' dir='ltr'>iudicavit.</span> <span class='ocrx_word' id='word_1_237' title='bbox 866 2830 962 2889; x_wconf 86' lang='lat' dir='ltr'>multo</span> <span class='ocrx_word' id='word_1_238' title='bbox 992 2827 1178 2888; x_wconf 87' lang='lat' dir='ltr'>emendatior</span> 
     </span>
     <span class='ocr_line' id='line_1_32' title="bbox 163 2915 1178 2994; baseline 0 -18"><span class='ocrx_word' id='word_1_239' title='bbox 163 2936 228 2976; x_wconf 90' lang='lat' dir='ltr'>esse</span> <span class='ocrx_word' id='word_1_240' title='bbox 251 2917 361 2976; x_wconf 90' lang='lat' dir='ltr'>dicitur</span> <span class='ocrx_word' id='word_1_241' title='bbox 384 2915 495 2976; x_wconf 91' lang='lat' dir='ltr'>editio</span> <span class='ocrx_word' id='word_1_242' title='bbox 518 2917 688 2994; x_wconf 87' lang='lat' dir='ltr'>Romana,</span> <span class='ocrx_word' id='word_1_243' title='bbox 716 2936 806 2994; x_wconf 91' lang='lat' dir='ltr'>quam</span> <span class='ocrx_word' id='word_1_244' title='bbox 833 2937 911 2978; x_wconf 88' lang='lat' dir='ltr'>anno</span> <span class='ocrx_word' id='word_1_245' title='bbox 933 2917 1103 2994; x_wconf 86' lang='lat' dir='ltr'>insequenti</span> <span class='ocrx_word' id='word_1_246' title='bbox 1126 2916 1178 2976; x_wconf 88' lang='lat' dir='ltr'>ad-</span> 
     </span>
    </p>
   </div>
   <div class='ocr_carea' id='block_1_9' title="bbox 161 3004 1298 3261">
    <p class='ocr_par' dir='ltr' id='par_1_10' title="bbox 161 2989 1298 3261">
     <span class='ocr_line' id='line_1_33' title="bbox 161 3004 1176 3066; baseline 0.003 -2"><span class='ocrx_word' id='word_1_247' title='bbox 161 3007 260 3065; x_wconf 89' lang='lat' dir='ltr'>iutore</span> <span class='ocrx_word' id='word_1_248' title='bbox 275 3005 431 3064; x_wconf 84' lang='lat' dir='ltr'>Theodoro</span> <span class='ocrx_word' id='word_1_249' title='bbox 448 3005 527 3064; x_wconf 82' lang='lat' dir='ltr'>Gaza</span> <span class='ocrx_word' id='word_1_250' title='bbox 546 3007 663 3066; x_wconf 81' lang='lat' dir='ltr'>curavit</span> <span class='ocrx_word' id='word_1_251' title='bbox 680 3006 808 3066; x_wconf 89' lang='lat' dir='ltr'>Ioannes</span> <span class='ocrx_word' id='word_1_252' title='bbox 822 3007 959 3066; x_wconf 87' lang='lat' dir='ltr'>Andreas</span> <span class='ocrx_word' id='word_1_253' title='bbox 973 3006 1086 3066; x_wconf 87' lang='lat' dir='ltr'>Buxius</span> <span class='ocrx_word' id='word_1_254' title='bbox 1105 3004 1176 3066; x_wconf 88' lang='lat' dir='ltr'>Ale·</span> 
     </span>
     <span class='ocr_line' id='line_1_34' title="bbox 162 3093 1298 3173; baseline 0.003 -21"><span class='ocrx_word' id='word_1_255' title='bbox 162 3095 268 3154; x_wconf 80' lang='lat' dir='ltr'>niensis</span> <span class='ocrx_word' id='word_1_256' title='bbox 288 3093 443 3170; x_wconf 88' lang='lat' dir='ltr'>episeopus</span> <span class='ocrx_word' id='word_1_257' title='bbox 462 3096 494 3152; x_wconf 91' lang='lat' dir='ltr'>et</span> <span class='ocrx_word' id='word_1_258' title='bbox 511 3093 599 3154; x_wconf 83' lang='lat' dir='ltr'>Pauli</span> <span class='ocrx_word' id='word_1_259' title='bbox 617 3095 648 3154; x_wconf 91' lang='lat' dir='ltr'>II</span> <span class='ocrx_word' id='word_1_260' title='bbox 665 3113 761 3172; x_wconf 86' lang='lat' dir='ltr'>papae</span> <span class='ocrx_word' id='word_1_261' title='bbox 779 3096 978 3156; x_wconf 85' lang='lat' dir='ltr'>bibliothecae</span> <span class='ocrx_word' id='word_1_262' title='bbox 996 3095 1178 3173; x_wconf 79' lang='lat' dir='ltr'>praefectus,</span> <span class='ocrx_word' id='word_1_263' title='bbox 1297 3097 1298 3162; x_wconf 68' lang='lat' dir='ltr'>I</span> 
     </span>
     <span class='ocr_line' id='line_1_35' title="bbox 163 3182 1298 3261; baseline 0 -19"><span class='ocrx_word' id='word_1_264' title='bbox 163 3184 215 3260; x_wconf 92' lang='lat' dir='ltr'>qui</span> <span class='ocrx_word' id='word_1_265' title='bbox 232 3184 293 3242; x_wconf 88' lang='lat' dir='ltr'>iam</span> <span class='ocrx_word' id='word_1_266' title='bbox 313 3183 383 3241; x_wconf 89' lang='lat' dir='ltr'>ante</span> <span class='ocrx_word' id='word_1_267' title='bbox 400 3182 543 3243; x_wconf 89' lang='lat' dir='ltr'>Ioannem</span> <span class='ocrx_word' id='word_1_268' title='bbox 562 3183 734 3260; x_wconf 88' lang='lat' dir='ltr'>Spirensem</span> <span class='ocrx_word' id='word_1_269' title='bbox 751 3184 890 3244; x_wconf 88' lang='lat' dir='ltr'>editionis</span> <span class='ocrx_word' id='word_1_270' title='bbox 912 3183 1063 3261; x_wconf 86' lang='lat' dir='ltr'>parandae</span> <span class='ocrx_word' id='word_1_271' title='bbox 1086 3202 1179 3244; x_wconf 87' lang='lat' dir='ltr'>causa</span> <span class='ocrx_word' id='word_1_272' title='bbox 1297 3219 1298 3224; x_wconf 22' lang='grc' dir='ltr'><strong><em>κ</em></strong></span> 
     </span>
    </p>
   </div>
   <div class='ocr_carea' id='block_1_10' title="bbox 162 3271 1179 3444">
    <p class='ocr_par' dir='ltr' id='par_1_11' title="bbox 162 3271 1179 3444">
     <span class='ocr_line' id='line_1_36' title="bbox 162 3271 1179 3350; baseline 0.004 -20"><span class='ocrx_word' id='word_1_273' title='bbox 162 3271 261 3332; x_wconf 92' lang='lat' dir='ltr'>Plinio</span> <span class='ocrx_word' id='word_1_274' title='bbox 285 3290 407 3348; x_wconf 89' lang='lat' dir='ltr'>operam</span> <span class='ocrx_word' id='word_1_275' title='bbox 428 3275 602 3334; x_wconf 82' lang='lat' dir='ltr'>navaverat.</span> <span class='ocrx_word' id='word_1_276' title='bbox 647 3275 775 3350; x_wconf 88' lang='lat' dir='ltr'>utraque</span> <span class='ocrx_word' id='word_1_277' title='bbox 797 3292 883 3348; x_wconf 83' lang='lat' dir='ltr'>usus,</span> <span class='ocrx_word' id='word_1_278' title='bbox 911 3274 963 3334; x_wconf 88' lang='lat' dir='ltr'>sed</span> <span class='ocrx_word' id='word_1_279' title='bbox 989 3273 1033 3332; x_wconf 86' lang='lat' dir='ltr'>ita</span> <span class='ocrx_word' id='word_1_280' title='bbox 1061 3276 1096 3332; x_wconf 88' lang='lat' dir='ltr'>ut</span> <span class='ocrx_word' id='word_1_281' title='bbox 1118 3274 1179 3334; x_wconf 82' lang='lat' dir='ltr'>Ro-</span> 
     </span>
     <span class='ocr_line' id='line_1_37' title="bbox 162 3354 1179 3444; baseline 0.003 -24"><span class='ocrx_word' id='word_1_282' title='bbox 162 3379 282 3422; x_wconf 88' lang='lat' dir='ltr'>manam</span> <span class='ocrx_word' id='word_1_283' title='bbox 299 3362 476 3437; x_wconf 86' lang='lat' dir='ltr'>plerumque</span> <span class='ocrx_word' id='word_1_284' title='bbox 495 3363 677 3422; x_wconf 85' lang='lat' dir='ltr'>exscriberet</span> <span class='ocrx_word' id='word_1_285' title='bbox 699 3354 766 3444; x_wconf 84' lang='lat' dir='ltr'>(cfr.</span> <span class='ocrx_word' id='word_1_286' title='bbox 779 3363 958 3422; x_wconf 83' lang='lat' dir='ltr'>Rezaonicus</span> <span class='ocrx_word' id='word_1_287' title='bbox 975 3362 995 3420; x_wconf 93' lang='lat' dir='ltr'>l.</span> <span class='ocrx_word' id='word_1_288' title='bbox 1009 3363 1029 3420; x_wconf 91' lang='lat' dir='ltr'>l.</span> <span class='ocrx_word' id='word_1_289' title='bbox 1042 3382 1072 3438; x_wconf 85' lang='lat' dir='ltr'>p.</span> <span class='ocrx_word' id='word_1_290' title='bbox 1088 3354 1179 3444; x_wconf 82' lang='lat'>288),</span> 
     </span>
    </p>
   </div>
   <div class='ocr_carea' id='block_1_11' title="bbox 163 3450 1298 3528">
    <p class='ocr_par' dir='ltr' id='par_1_12' title="bbox 163 3450 1298 3528">
     <span class='ocr_line' id='line_1_38' title="bbox 163 3450 1298 3528; baseline 0.005 -21"><span class='ocrx_word' id='word_1_291' title='bbox 163 3450 328 3508; x_wconf 89' lang='lat' dir='ltr'>Venetiis</span> <span class='ocrx_word' id='word_1_292' title='bbox 341 3467 367 3508; x_wconf 90' lang='lat' dir='ltr'>a.</span> <span class='ocrx_word' id='word_1_293' title='bbox 384 3452 468 3511; x_wconf 79' lang='grc'><strong>1472</strong></span> <span class='ocrx_word' id='word_1_294' title='bbox 484 3451 513 3508; x_wconf 90' lang='lat' dir='ltr'>N</span> <span class='ocrx_word' id='word_1_295' title='bbox 518 3451 656 3510; x_wconf 88' lang='lat' dir='ltr'>icolaus</span> <span class='ocrx_word' id='word_1_296' title='bbox 675 3452 805 3511; x_wconf 89' lang='lat' dir='ltr'>Ienson</span> <span class='ocrx_word' id='word_1_297' title='bbox 818 3453 1028 3528; x_wconf 83' lang='lat' dir='ltr'>typographus</span> <span class='ocrx_word' id='word_1_298' title='bbox 1043 3450 1179 3512; x_wconf 83' lang='lat' dir='ltr'>Gallicus</span> <span class='ocrx_word' id='word_1_299' title='bbox 1297 3467 1298 3478; x_wconf 53' lang='lat'><em>*</em></span> 
     </span>
    </p>
   </div>
   <div class='ocr_carea' id='block_1_12' title="bbox 164 3537 1180 3618">
    <p class='ocr_par' dir='ltr' id='par_1_13' title="bbox 164 3537 1180 3618">
     <span class='ocr_line' id='line_1_39' title="bbox 164 3537 1180 3618; baseline 0.004 -21"><span class='ocrx_word' id='word_1_300' title='bbox 164 3537 232 3598; x_wconf 71' lang='lat' dir='ltr'>aare</span> <span class='ocrx_word' id='word_1_301' title='bbox 254 3539 356 3612; x_wconf 75' lang='lat' dir='ltr'>Plpulc&#39;</span> <span class='ocrx_word' id='word_1_302' title='bbox 378 3537 503 3600; x_wconf 77' lang='lat' dir='ltr'>Scumdc&#39;</span> <span class='ocrx_word' id='word_1_303' title='bbox 524 3541 671 3600; x_wconf 77' lang='lat' dir='ltr'>coloratis</span> <span class='ocrx_word' id='word_1_304' title='bbox 693 3542 830 3602; x_wconf 75' lang='lat' dir='ltr'>historiae</span> <span class='ocrx_word' id='word_1_305' title='bbox 852 3541 940 3600; x_wconf 79' lang='lat' dir='ltr'>libros</span> <span class='ocrx_word' id='word_1_306' title='bbox 963 3539 1071 3618; x_wconf 88' lang='lat' dir='ltr'>edidit,</span> <span class='ocrx_word' id='word_1_307' title='bbox 1094 3541 1180 3602; x_wconf 91' lang='lat' dir='ltr'>cuius</span> 
     </span>
    </p>
   </div>
   <div class='ocr_carea' id='block_1_13' title="bbox 0 0 1318 3958">
    <p class='ocr_par' dir='ltr' id='par_1_14' title="bbox 0 0 1318 3958">
     <span class='ocr_line' id='line_1_40' title="bbox 0 0 1318 3958; baseline 0 0"><span class='ocrx_word' id='word_1_308' title='bbox 0 0 1318 3958; x_wconf 95' lang='lat' dir='ltr'> </span> 
     </span>
    </p>
   </div>
  </div>
 </body>
</html>
