<?xml version="1.0" encoding="UTF-8"?>
<!DOCTYPE html PUBLIC "-//W3C//DTD XHTML 1.0 Transitional//EN"
    "http://www.w3.org/TR/xhtml1/DTD/xhtml1-transitional.dtd">
<html xmlns="http://www.w3.org/1999/xhtml" xml:lang="en" lang="en">
 <head>
  <title>
</title>
<meta http-equiv="Content-Type" content="text/html;charset=utf-8" />
  <meta name='ocr-system' content='tesseract 3.04.00' />
  <meta name='ocr-capabilities' content='ocr_page ocr_carea ocr_par ocr_line ocrx_word'/>
</head>
<body>
  <div class='ocr_page' id='page_1' title='image "./cplinisecundina02mayhgoog_0229.png"; bbox 0 0 2636 3952; ppageno 0'>
   <div class='ocr_carea' id='block_1_1' title="bbox 230 90 981 204">
    <p class='ocr_par' dir='ltr' id='par_1_1' title="bbox 230 90 981 204">
     <span class='ocr_line' id='line_1_1' title="bbox 230 90 981 204; baseline -0.02 0"><span class='ocrx_word' id='word_1_1' title='bbox 230 140 295 204; x_wconf 83' lang='lat'>184</span> <span class='ocrx_word' id='word_1_2' title='bbox 334 171 336 175; x_wconf 66' lang='lat'>,</span> <span class='ocrx_word' id='word_1_3' title='bbox 581 139 609 192; x_wconf 91' lang='lat' dir='ltr'>o.</span> <span class='ocrx_word' id='word_1_4' title='bbox 628 138 727 193; x_wconf 83' lang='lat' dir='ltr'>emm</span> <span class='ocrx_word' id='word_1_5' title='bbox 746 137 903 192; x_wconf 81' lang='grc'><strong>3333333</strong></span> <span class='ocrx_word' id='word_1_6' title='bbox 961 90 981 200; x_wconf 59' lang='lat' dir='ltr'>J</span> 
     </span>
    </p>
   </div>
   <div class='ocr_carea' id='block_1_2' title="bbox 83 285 1285 3110">
    <p class='ocr_par' dir='ltr' id='par_1_2' title="bbox 159 285 1268 898">
     <span class='ocr_line' id='line_1_2' title="bbox 228 285 1243 370; baseline -0.002 -22"><span class='ocrx_word' id='word_1_7' title='bbox 228 289 350 370; x_wconf 81' lang='lat' dir='ltr'>gemitu,</span> <span class='ocrx_word' id='word_1_8' title='bbox 372 287 472 348; x_wconf 88' lang='lat' dir='ltr'>bieme</span> <span class='ocrx_word' id='word_1_9' title='bbox 493 289 597 368; x_wconf 85' lang='lat' dir='ltr'>mutis,</span> <span class='ocrx_word' id='word_1_10' title='bbox 621 307 638 347; x_wconf 95' lang='lat' dir='ltr'>a</span> <span class='ocrx_word' id='word_1_11' title='bbox 660 306 729 348; x_wconf 86' lang='lat' dir='ltr'>vere</span> <span class='ocrx_word' id='word_1_12' title='bbox 754 285 912 347; x_wconf 84' lang='lat' dir='ltr'>vocalibus</span> <span class='ocrx_word' id='word_1_13' title='bbox 958 287 1126 366; x_wconf 84' lang='lat' dir='ltr'>Nigidius</span> <span class='ocrx_word' id='word_1_14' title='bbox 1149 294 1243 366; x_wconf 89' lang='lat' dir='ltr'>putat,</span> 
     </span>
     <span class='ocr_line' id='line_1_3' title="bbox 228 374 1242 456; baseline -0.004 -18"><span class='ocrx_word' id='word_1_15' title='bbox 228 395 297 438; x_wconf 87' lang='lat' dir='ltr'>cum</span> <span class='ocrx_word' id='word_1_16' title='bbox 320 395 374 436; x_wconf 85' lang='lat' dir='ltr'>ova</span> <span class='ocrx_word' id='word_1_17' title='bbox 396 375 518 438; x_wconf 83' lang='lat' dir='ltr'>incubet</span> <span class='ocrx_word' id='word_1_18' title='bbox 545 375 601 436; x_wconf 92' lang='lat' dir='ltr'>sub</span> <span class='ocrx_word' id='word_1_19' title='bbox 629 383 722 456; x_wconf 85' lang='lat' dir='ltr'>tecto,</span> <span class='ocrx_word' id='word_1_20' title='bbox 750 378 930 436; x_wconf 82' lang='lat' dir='ltr'>nominatam</span> <span class='ocrx_word' id='word_1_21' title='bbox 956 374 1127 454; x_wconf 78' lang='lat' dir='ltr'>palumbem</span> <span class='ocrx_word' id='word_1_22' title='bbox 1154 374 1242 435; x_wconf 88' lang='lat' dir='ltr'>relin-</span> 
     </span>
     <span class='ocr_line' id='line_1_4' title="bbox 159 462 1241 545; baseline -0.007 -15"><span class='ocrx_word' id='word_1_23' title='bbox 159 481 227 538; x_wconf 54' lang='grc' dir='ltr'>χ131</span> <span class='ocrx_word' id='word_1_24' title='bbox 238 484 331 545; x_wconf 84' lang='lat' dir='ltr'>quere</span> <span class='ocrx_word' id='word_1_25' title='bbox 359 465 453 526; x_wconf 90' lang='lat' dir='ltr'>nidos.</span> <span class='ocrx_word' id='word_1_26' title='bbox 499 467 619 544; x_wconf 83' lang='lat' dir='ltr'>pariunt</span> <span class='ocrx_word' id='word_1_27' title='bbox 646 473 745 524; x_wconf 86' lang='lat' dir='ltr'>autem</span> <span class='ocrx_word' id='word_1_28' title='bbox 772 472 841 543; x_wconf 90' lang='lat' dir='ltr'>post</span> <span class='ocrx_word' id='word_1_29' title='bbox 868 463 1043 526; x_wconf 71' lang='lat' dir='ltr'>solstitium</span> <span class='ocrx_word' id='word_1_30' title='bbox 1088 462 1241 524; x_wconf 86' lang='lat' dir='ltr'>columbae</span> 
     </span>
     <span class='ocr_line' id='line_1_5' title="bbox 228 548 1242 631; baseline -0.004 -17"><span class='ocrx_word' id='word_1_31' title='bbox 228 561 259 614; x_wconf 90' lang='lat' dir='ltr'>et</span> <span class='ocrx_word' id='word_1_32' title='bbox 290 562 424 614; x_wconf 89' lang='lat' dir='ltr'>turtures</span> <span class='ocrx_word' id='word_1_33' title='bbox 456 555 573 612; x_wconf 88' lang='lat' dir='ltr'>octonis</span> <span class='ocrx_word' id='word_1_34' title='bbox 606 556 691 614; x_wconf 89' lang='lat' dir='ltr'>anuis</span> <span class='ocrx_word' id='word_1_35' title='bbox 724 555 834 613; x_wconf 91' lang='lat' dir='ltr'>vivunt.</span> <span class='ocrx_word' id='word_1_36' title='bbox 895 548 953 615; x_wconf 84' lang='lat'>36.</span> <span class='ocrx_word' id='word_1_37' title='bbox 992 560 1096 613; x_wconf 86' lang='lat' dir='ltr'>eontra</span> <span class='ocrx_word' id='word_1_38' title='bbox 1128 553 1242 631; x_wconf 90' lang='lat' dir='ltr'>passeri</span> 
     </span>
     <span class='ocr_line' id='line_1_6' title="bbox 227 641 1268 722; baseline -0.005 -19"><span class='ocrx_word' id='word_1_39' title='bbox 227 644 382 703; x_wconf 92' lang='lat' dir='ltr'>minimum</span> <span class='ocrx_word' id='word_1_40' title='bbox 406 644 495 722; x_wconf 85' lang='lat' dir='ltr'>vitae,</span> <span class='ocrx_word' id='word_1_41' title='bbox 523 644 572 701; x_wconf 90' lang='lat' dir='ltr'>cui</span> <span class='ocrx_word' id='word_1_42' title='bbox 599 641 733 702; x_wconf 84' lang='lat' dir='ltr'>salacitas</span> <span class='ocrx_word' id='word_1_43' title='bbox 760 659 821 720; x_wconf 93' lang='lat' dir='ltr'>par.</span> <span class='ocrx_word' id='word_1_44' title='bbox 867 659 964 701; x_wconf 91' lang='lat' dir='ltr'>mares</span> <span class='ocrx_word' id='word_1_45' title='bbox 992 648 1139 720; x_wconf 90' lang='lat' dir='ltr'>negantur</span> <span class='ocrx_word' id='word_1_46' title='bbox 1166 651 1268 700; x_wconf 76' lang='lat' dir='ltr'>annot</span> 
     </span>
     <span class='ocr_line' id='line_1_7' title="bbox 228 729 1244 811; baseline -0.004 -20"><span class='ocrx_word' id='word_1_47' title='bbox 228 731 340 791; x_wconf 89' lang='lat' dir='ltr'>diutius</span> <span class='ocrx_word' id='word_1_48' title='bbox 363 730 471 790; x_wconf 88' lang='lat' dir='ltr'>durare</span> <span class='ocrx_word' id='word_1_49' title='bbox 495 737 683 811; x_wconf 86' lang='lat' dir='ltr'>argumento,</span> <span class='ocrx_word' id='word_1_50' title='bbox 712 733 781 808; x_wconf 88' lang='lat' dir='ltr'>quia</span> <span class='ocrx_word' id='word_1_51' title='bbox 808 729 887 790; x_wconf 92' lang='lat' dir='ltr'>nulla</span> <span class='ocrx_word' id='word_1_52' title='bbox 915 733 994 790; x_wconf 82' lang='lat' dir='ltr'>veris</span> <span class='ocrx_word' id='word_1_53' title='bbox 1012 731 1098 790; x_wconf 90' lang='lat' dir='ltr'>initio</span> <span class='ocrx_word' id='word_1_54' title='bbox 1121 737 1244 808; x_wconf 88' lang='lat' dir='ltr'>apparet</span> 
     </span>
     <span class='ocr_line' id='line_1_8' title="bbox 229 812 1243 898; baseline -0.002 -20"><span class='ocrx_word' id='word_1_55' title='bbox 229 818 378 897; x_wconf 83' lang='lat' dir='ltr'>nigritudo</span> <span class='ocrx_word' id='word_1_56' title='bbox 402 820 433 877; x_wconf 93' lang='lat' dir='ltr'>in</span> <span class='ocrx_word' id='word_1_57' title='bbox 451 812 565 898; x_wconf 84' lang='lat' dir='ltr'>rostro,</span> <span class='ocrx_word' id='word_1_58' title='bbox 588 837 663 896; x_wconf 89' lang='lat' dir='ltr'>quae</span> <span class='ocrx_word' id='word_1_59' title='bbox 687 817 724 878; x_wconf 92' lang='lat' dir='ltr'>ab</span> <span class='ocrx_word' id='word_1_60' title='bbox 747 826 858 879; x_wconf 82' lang='lat' dir='ltr'>aestate</span> <span class='ocrx_word' id='word_1_61' title='bbox 881 820 993 898; x_wconf 90' lang='lat' dir='ltr'>incipit.</span> <span class='ocrx_word' id='word_1_62' title='bbox 1039 819 1158 878; x_wconf 88' lang='lat' dir='ltr'>leminis</span> <span class='ocrx_word' id='word_1_63' title='bbox 1180 817 1243 876; x_wconf 90' lang='lat' dir='ltr'>lon-</span> 
     </span>
    </p>

    <p class='ocr_par' dir='ltr' id='par_1_3' title="bbox 176 905 1282 1517">
     <span class='ocr_line' id='line_1_9' title="bbox 176 905 1245 986; baseline -0.005 -17"><span class='ocrx_word' id='word_1_64' title='bbox 176 921 227 970; x_wconf 82' lang='lat'>108</span> <span class='ocrx_word' id='word_1_65' title='bbox 237 906 406 986; x_wconf 87' lang='lat' dir='ltr'>giuseulum</span> <span class='ocrx_word' id='word_1_66' title='bbox 437 909 574 986; x_wconf 92' lang='lat' dir='ltr'>spatium.</span> <span class='ocrx_word' id='word_1_67' title='bbox 629 925 732 968; x_wconf 87' lang='lat' dir='ltr'>verum</span> <span class='ocrx_word' id='word_1_68' title='bbox 766 905 911 968; x_wconf 82' lang='lat' dir='ltr'>columbis</span> <span class='ocrx_word' id='word_1_69' title='bbox 946 909 1026 967; x_wconf 90' lang='lat' dir='ltr'>inest</span> <span class='ocrx_word' id='word_1_70' title='bbox 1057 907 1178 984; x_wconf 89' lang='lat' dir='ltr'>quidam</span> <span class='ocrx_word' id='word_1_71' title='bbox 1214 912 1245 964; x_wconf 91' lang='lat' dir='ltr'>et</span> 
     </span>
     <span class='ocr_line' id='line_1_10' title="bbox 228 994 1244 1074; baseline -0.001 -20"><span class='ocrx_word' id='word_1_72' title='bbox 228 995 338 1074; x_wconf 88' lang='lat' dir='ltr'>gloriae</span> <span class='ocrx_word' id='word_1_73' title='bbox 359 994 539 1056; x_wconf 88' lang='lat' dir='ltr'>intellectus.</span> <span class='ocrx_word' id='word_1_74' title='bbox 581 1013 669 1055; x_wconf 89' lang='lat' dir='ltr'>nosse</span> <span class='ocrx_word' id='word_1_75' title='bbox 693 994 797 1055; x_wconf 87' lang='lat' dir='ltr'>credas</span> <span class='ocrx_word' id='word_1_76' title='bbox 821 1013 891 1056; x_wconf 91' lang='lat' dir='ltr'>suos</span> <span class='ocrx_word' id='word_1_77' title='bbox 920 995 1035 1055; x_wconf 90' lang='lat' dir='ltr'>colores</span> <span class='ocrx_word' id='word_1_78' title='bbox 1058 997 1244 1054; x_wconf 89' lang='lat' dir='ltr'>varietatem·</span> 
     </span>
     <span class='ocr_line' id='line_1_11' title="bbox 229 1082 1282 1162; baseline -0.002 -19"><span class='ocrx_word' id='word_1_79' title='bbox 229 1101 287 1162; x_wconf 88' lang='lat' dir='ltr'>quc</span> <span class='ocrx_word' id='word_1_80' title='bbox 306 1083 487 1162; x_wconf 88' lang='lat' dir='ltr'>dispositam.</span> <span class='ocrx_word' id='word_1_81' title='bbox 533 1085 713 1162; x_wconf 84' lang='lat' dir='ltr'>quinetiam</span> <span class='ocrx_word' id='word_1_82' title='bbox 732 1101 768 1143; x_wconf 85' lang='lat' dir='ltr'>ex</span> <span class='ocrx_word' id='word_1_83' title='bbox 790 1084 889 1144; x_wconf 81' lang='lat' dir='ltr'>volatu</span> <span class='ocrx_word' id='word_1_84' title='bbox 913 1085 1080 1161; x_wconf 87' lang='lat' dir='ltr'>quaeritur:</span> <span class='ocrx_word' id='word_1_85' title='bbox 1103 1082 1245 1162; x_wconf 91' lang='lat' dir='ltr'>plaudere</span> <span class='ocrx_word' id='word_1_86' title='bbox 1259 1094 1282 1132; x_wconf 85' lang='lat'>1⁰</span> 
     </span>
     <span class='ocr_line' id='line_1_12' title="bbox 228 1171 1245 1250; baseline -0.001 -19"><span class='ocrx_word' id='word_1_87' title='bbox 228 1173 259 1232; x_wconf 93' lang='lat' dir='ltr'>in</span> <span class='ocrx_word' id='word_1_88' title='bbox 283 1172 364 1231; x_wconf 90' lang='lat' dir='ltr'>caelo</span> <span class='ocrx_word' id='word_1_89' title='bbox 387 1171 675 1249; x_wconf 87' lang='lat' dir='ltr'>varieque-sulcare.</span> <span class='ocrx_word' id='word_1_90' title='bbox 714 1190 772 1250; x_wconf 87' lang='lat' dir='ltr'>qua</span> <span class='ocrx_word' id='word_1_91' title='bbox 795 1174 825 1232; x_wconf 91' lang='lat' dir='ltr'>in</span> <span class='ocrx_word' id='word_1_92' title='bbox 849 1175 1047 1232; x_wconf 86' lang='lat' dir='ltr'>ostentatione</span> <span class='ocrx_word' id='word_1_93' title='bbox 1072 1179 1106 1231; x_wconf 91' lang='lat' dir='ltr'>ut</span> <span class='ocrx_word' id='word_1_94' title='bbox 1128 1173 1245 1232; x_wconf 79' lang='grc'><strong>3133133</strong></span> 
     </span>
     <span class='ocr_line' id='line_1_13' title="bbox 228 1259 1245 1340; baseline -0.002 -20"><span class='ocrx_word' id='word_1_95' title='bbox 228 1259 410 1339; x_wconf 88' lang='lat' dir='ltr'>praebentur</span> <span class='ocrx_word' id='word_1_96' title='bbox 438 1262 586 1340; x_wconf 82' lang='lat' dir='ltr'>accipitri,</span> <span class='ocrx_word' id='word_1_97' title='bbox 613 1261 761 1340; x_wconf 89' lang='lat' dir='ltr'>inplicatis</span> <span class='ocrx_word' id='word_1_98' title='bbox 794 1263 922 1340; x_wconf 89' lang='lat' dir='ltr'>strepitu</span> <span class='ocrx_word' id='word_1_99' title='bbox 952 1263 1066 1340; x_wconf 77' lang='lat' dir='ltr'>pinniS,</span> <span class='ocrx_word' id='word_1_100' title='bbox 1099 1261 1151 1338; x_wconf 89' lang='lat' dir='ltr'>qui</span> <span class='ocrx_word' id='word_1_101' title='bbox 1183 1277 1245 1319; x_wconf 91' lang='lat' dir='ltr'>non</span> 
     </span>
     <span class='ocr_line' id='line_1_14' title="bbox 229 1346 1247 1429; baseline 0 -21"><span class='ocrx_word' id='word_1_102' title='bbox 229 1349 287 1408; x_wconf 86' lang='lat' dir='ltr'>nisi</span> <span class='ocrx_word' id='word_1_103' title='bbox 314 1350 387 1427; x_wconf 92' lang='lat' dir='ltr'>ipsis</span> <span class='ocrx_word' id='word_1_104' title='bbox 415 1348 527 1408; x_wconf 86' lang='lat' dir='ltr'>alarum</span> <span class='ocrx_word' id='word_1_105' title='bbox 555 1351 666 1410; x_wconf 88' lang='lat' dir='ltr'>umeris</span> <span class='ocrx_word' id='word_1_106' title='bbox 695 1347 828 1429; x_wconf 85' lang='lat' dir='ltr'>eliditur,</span> <span class='ocrx_word' id='word_1_107' title='bbox 858 1349 988 1427; x_wconf 91' lang='lat' dir='ltr'>alioquin</span> <span class='ocrx_word' id='word_1_108' title='bbox 1017 1348 1114 1409; x_wconf 91' lang='lat' dir='ltr'>soluto</span> <span class='ocrx_word' id='word_1_109' title='bbox 1144 1346 1247 1408; x_wconf 84' lang='lat' dir='ltr'>volatu</span> 
     </span>
     <span class='ocr_line' id='line_1_15' title="bbox 228 1435 1246 1517; baseline -0.002 -20"><span class='ocrx_word' id='word_1_110' title='bbox 228 1441 260 1497; x_wconf 92' lang='grc'>13</span> <span class='ocrx_word' id='word_1_111' title='bbox 290 1436 417 1499; x_wconf 89' lang='lat' dir='ltr'>multum</span> <span class='ocrx_word' id='word_1_112' title='bbox 446 1437 616 1497; x_wconf 86' lang='lat' dir='ltr'>velociores.</span> <span class='ocrx_word' id='word_1_113' title='bbox 667 1437 839 1517; x_wconf 90' lang='lat' dir='ltr'>speculatur</span> <span class='ocrx_word' id='word_1_114' title='bbox 868 1437 1003 1499; x_wconf 88' lang='lat' dir='ltr'>occultus</span> <span class='ocrx_word' id='word_1_115' title='bbox 1034 1438 1139 1498; x_wconf 82' lang='lat' dir='ltr'>fronde</span> <span class='ocrx_word' id='word_1_116' title='bbox 1168 1435 1246 1496; x_wconf 90' lang='lat' dir='ltr'>latro</span> 
     </span>
    </p>

    <p class='ocr_par' dir='ltr' id='par_1_4' title="bbox 83 1521 1283 1962">
     <span class='ocr_line' id='line_1_16' title="bbox 83 1521 1283 1611; baseline -0.002 -25"><span class='ocrx_word' id='word_1_117' title='bbox 83 1571 91 1586; x_wconf 94' lang='lat'>.</span> <span class='ocrx_word' id='word_1_118' title='bbox 180 1539 230 1588; x_wconf 79' lang='grc'>103</span> <span class='ocrx_word' id='word_1_119' title='bbox 241 1533 272 1584; x_wconf 89' lang='grc'>31</span> <span class='ocrx_word' id='word_1_120' title='bbox 298 1525 475 1603; x_wconf 83' lang='lat' dir='ltr'>gaudentem</span> <span class='ocrx_word' id='word_1_121' title='bbox 502 1527 534 1586; x_wconf 92' lang='lat' dir='ltr'>in</span> <span class='ocrx_word' id='word_1_122' title='bbox 561 1527 624 1604; x_wconf 91' lang='lat' dir='ltr'>ipsa</span> <span class='ocrx_word' id='word_1_123' title='bbox 647 1526 740 1604; x_wconf 89' lang='lat' dir='ltr'>gloria</span> <span class='ocrx_word' id='word_1_124' title='bbox 767 1529 853 1611; x_wconf 88' lang='lat' dir='ltr'>rapit.</span> <span class='ocrx_word' id='word_1_125' title='bbox 901 1521 959 1588; x_wconf 76' lang='lat'>37.</span> <span class='ocrx_word' id='word_1_126' title='bbox 992 1526 1030 1585; x_wconf 94' lang='lat' dir='ltr'>ob</span> <span class='ocrx_word' id='word_1_127' title='bbox 1053 1528 1083 1587; x_wconf 92' lang='lat' dir='ltr'>id</span> <span class='ocrx_word' id='word_1_128' title='bbox 1111 1543 1180 1585; x_wconf 87' lang='lat' dir='ltr'>oum</span> <span class='ocrx_word' id='word_1_129' title='bbox 1208 1526 1247 1584; x_wconf 92' lang='lat' dir='ltr'>iis</span> <span class='ocrx_word' id='word_1_130' title='bbox 1261 1536 1283 1576; x_wconf 81' lang='lat'>1⁵</span> 
     </span>
     <span class='ocr_line' id='line_1_17' title="bbox 229 1613 1248 1693; baseline 0.001 -21"><span class='ocrx_word' id='word_1_131' title='bbox 229 1613 363 1672; x_wconf 89' lang='lat' dir='ltr'>habenda</span> <span class='ocrx_word' id='word_1_132' title='bbox 386 1621 432 1673; x_wconf 91' lang='lat' dir='ltr'>est</span> <span class='ocrx_word' id='word_1_133' title='bbox 455 1615 516 1674; x_wconf 87' lang='lat' dir='ltr'>avis</span> <span class='ocrx_word' id='word_1_134' title='bbox 538 1632 614 1693; x_wconf 86' lang='lat' dir='ltr'>quae</span> <span class='ocrx_word' id='word_1_135' title='bbox 637 1615 831 1676; x_wconf 89' lang='lat' dir='ltr'>tinnunculus</span> <span class='ocrx_word' id='word_1_136' title='bbox 854 1624 983 1675; x_wconf 87' lang='lat' dir='ltr'>vocatur.</span> <span class='ocrx_word' id='word_1_137' title='bbox 1011 1614 1144 1674; x_wconf 90' lang='lat' dir='ltr'>delendit</span> <span class='ocrx_word' id='word_1_138' title='bbox 1166 1616 1248 1673; x_wconf 91' lang='lat' dir='ltr'>enim</span> 
     </span>
     <span class='ocr_line' id='line_1_18' title="bbox 229 1700 1247 1782; baseline -0.001 -21"><span class='ocrx_word' id='word_1_139' title='bbox 229 1700 295 1761; x_wconf 91' lang='lat' dir='ltr'>illas</span> <span class='ocrx_word' id='word_1_140' title='bbox 322 1708 475 1780; x_wconf 89' lang='lat' dir='ltr'>terretque</span> <span class='ocrx_word' id='word_1_141' title='bbox 503 1704 660 1782; x_wconf 85' lang='lat' dir='ltr'>accipitres</span> <span class='ocrx_word' id='word_1_142' title='bbox 688 1703 815 1764; x_wconf 87' lang='lat' dir='ltr'>naturali</span> <span class='ocrx_word' id='word_1_143' title='bbox 845 1706 978 1782; x_wconf 88' lang='lat' dir='ltr'>potentia</span> <span class='ocrx_word' id='word_1_144' title='bbox 1007 1705 1038 1762; x_wconf 91' lang='lat' dir='ltr'>in</span> <span class='ocrx_word' id='word_1_145' title='bbox 1065 1711 1183 1764; x_wconf 86' lang='lat' dir='ltr'>tantum</span> <span class='ocrx_word' id='word_1_146' title='bbox 1213 1710 1247 1761; x_wconf 90' lang='lat' dir='ltr'>ut</span> 
     </span>
     <span class='ocr_line' id='line_1_19' title="bbox 230 1791 1246 1870; baseline 0.001 -21"><span class='ocrx_word' id='word_1_147' title='bbox 230 1791 325 1850; x_wconf 90' lang='lat' dir='ltr'>visum</span> <span class='ocrx_word' id='word_1_148' title='bbox 353 1808 515 1869; x_wconf 89' lang='lat' dir='ltr'>vocemque</span> <span class='ocrx_word' id='word_1_149' title='bbox 544 1792 608 1851; x_wconf 88' lang='lat' dir='ltr'>eius</span> <span class='ocrx_word' id='word_1_150' title='bbox 636 1791 758 1870; x_wconf 80' lang='lat' dir='ltr'>fugiant.</span> <span class='ocrx_word' id='word_1_151' title='bbox 803 1791 858 1851; x_wconf 91' lang='lat' dir='ltr'>hac</span> <span class='ocrx_word' id='word_1_152' title='bbox 886 1792 922 1851; x_wconf 94' lang='lat' dir='ltr'>de</span> <span class='ocrx_word' id='word_1_153' title='bbox 951 1810 1038 1852; x_wconf 87' lang='lat' dir='ltr'>causa</span> <span class='ocrx_word' id='word_1_154' title='bbox 1066 1793 1246 1870; x_wconf 90' lang='lat' dir='ltr'>praecipuus</span> 
     </span>
     <span class='ocr_line' id='line_1_20' title="bbox 231 1877 1246 1962; baseline -0.001 -24"><span class='ocrx_word' id='word_1_155' title='bbox 231 1877 376 1939; x_wconf 86' lang='lat' dir='ltr'>columbis</span> <span class='ocrx_word' id='word_1_156' title='bbox 399 1897 481 1938; x_wconf 86' lang='lat' dir='ltr'>amor</span> <span class='ocrx_word' id='word_1_157' title='bbox 504 1897 622 1960; x_wconf 83' lang='lat' dir='ltr'>eorum,</span> <span class='ocrx_word' id='word_1_158' title='bbox 654 1881 828 1962; x_wconf 79' lang='lat' dir='ltr'>feruntque,</span> <span class='ocrx_word' id='word_1_159' title='bbox 857 1883 882 1940; x_wconf 91' lang='lat' dir='ltr'>si</span> <span class='ocrx_word' id='word_1_160' title='bbox 905 1883 937 1940; x_wconf 92' lang='lat' dir='ltr'>in</span> <span class='ocrx_word' id='word_1_161' title='bbox 960 1887 1101 1958; x_wconf 90' lang='lat' dir='ltr'>quattuor</span> <span class='ocrx_word' id='word_1_162' title='bbox 1130 1878 1246 1958; x_wconf 88' lang='lat' dir='ltr'>angulis</span> 
     </span>
    </p>

    <p class='ocr_par' dir='ltr' id='par_1_5' title="bbox 150 1966 1284 2400">
     <span class='ocr_line' id='line_1_21' title="bbox 150 1966 1284 2049; baseline 0.003 -24"><span class='ocrx_word' id='word_1_163' title='bbox 150 2035 152 2038; x_wconf 23' lang='lat'>¹</span> <span class='ocrx_word' id='word_1_164' title='bbox 230 1966 419 2026; x_wconf 84' lang='lat' dir='ltr'>defodiantur</span> <span class='ocrx_word' id='word_1_165' title='bbox 442 1969 472 2026; x_wconf 92' lang='grc'>13</span> <span class='ocrx_word' id='word_1_166' title='bbox 496 1967 561 2027; x_wconf 92' lang='lat' dir='ltr'>ollis</span> <span class='ocrx_word' id='word_1_167' title='bbox 585 1970 668 2029; x_wconf 85' lang='lat' dir='ltr'>novis</span> <span class='ocrx_word' id='word_1_168' title='bbox 692 1967 807 2049; x_wconf 85' lang='lat' dir='ltr'>oblitis,</span> <span class='ocrx_word' id='word_1_169' title='bbox 834 1985 895 2029; x_wconf 90' lang='lat' dir='ltr'>non</span> <span class='ocrx_word' id='word_1_170' title='bbox 922 1977 1038 2029; x_wconf 89' lang='lat' dir='ltr'>mutare</span> <span class='ocrx_word' id='word_1_171' title='bbox 1067 1969 1170 2029; x_wconf 90' lang='lat' dir='ltr'>sedem</span> <span class='ocrx_word' id='word_1_172' title='bbox 1197 1985 1245 2028; x_wconf 90' lang='lat' dir='ltr'>oo·</span> <span class='ocrx_word' id='word_1_173' title='bbox 1259 1979 1284 2020; x_wconf 76' lang='lat'>20</span> 
     </span>
     <span class='ocr_line' id='line_1_22' title="bbox 231 2053 1245 2136; baseline 0.002 -22"><span class='ocrx_word' id='word_1_174' title='bbox 231 2053 345 2114; x_wconf 89' lang='lat' dir='ltr'>lumbas</span> <span class='ocrx_word' id='word_1_175' title='bbox 369 2087 411 2096; x_wconf 89' lang='lat'>—</span> <span class='ocrx_word' id='word_1_176' title='bbox 436 2057 514 2134; x_wconf 88' lang='lat' dir='ltr'>quod</span> <span class='ocrx_word' id='word_1_177' title='bbox 538 2062 569 2116; x_wconf 90' lang='lat' dir='ltr'>et</span> <span class='ocrx_word' id='word_1_178' title='bbox 591 2075 664 2117; x_wconf 90' lang='lat' dir='ltr'>auro</span> <span class='ocrx_word' id='word_1_179' title='bbox 686 2059 810 2118; x_wconf 89' lang='lat' dir='ltr'>insectis</span> <span class='ocrx_word' id='word_1_180' title='bbox 834 2057 946 2118; x_wconf 84' lang='lat' dir='ltr'>alarum</span> <span class='ocrx_word' id='word_1_181' title='bbox 970 2057 1102 2118; x_wconf 82' lang='lat' dir='ltr'>articulis</span> <span class='ocrx_word' id='word_1_182' title='bbox 1130 2058 1245 2136; x_wconf 88' lang='lat' dir='ltr'>quaesi·</span> 
     </span>
     <span class='ocr_line' id='line_1_23' title="bbox 230 2143 1246 2226; baseline 0.002 -24"><span class='ocrx_word' id='word_1_183' title='bbox 230 2161 300 2203; x_wconf 92' lang='lat' dir='ltr'>vere</span> <span class='ocrx_word' id='word_1_184' title='bbox 323 2143 415 2223; x_wconf 88' lang='lat' dir='ltr'>aliqui</span> <span class='ocrx_word' id='word_1_185' title='bbox 443 2163 502 2204; x_wconf 93' lang='lat' dir='ltr'>non</span> <span class='ocrx_word' id='word_1_186' title='bbox 530 2144 615 2205; x_wconf 89' lang='lat' dir='ltr'>aliter</span> <span class='ocrx_word' id='word_1_187' title='bbox 643 2147 771 2206; x_wconf 88' lang='lat' dir='ltr'>innoxiis</span> <span class='ocrx_word' id='word_1_188' title='bbox 801 2145 975 2213; x_wconf 88' lang='lat' dir='ltr'>vulneribus</span> <span class='ocrx_word' id='word_1_189' title='bbox 1006 2178 1057 2226; x_wconf 86' lang='lat'>—-,</span> <span class='ocrx_word' id='word_1_190' title='bbox 1087 2145 1246 2224; x_wconf 87' lang='lat' dir='ltr'>multivaga</span> 
     </span>
     <span class='ocr_line' id='line_1_24' title="bbox 231 2231 1245 2310; baseline 0.003 -19"><span class='ocrx_word' id='word_1_191' title='bbox 231 2231 361 2310; x_wconf 83' lang='lat' dir='ltr'>alioquin</span> <span class='ocrx_word' id='word_1_192' title='bbox 384 2249 445 2292; x_wconf 84' lang='lat' dir='ltr'>ave.</span> <span class='ocrx_word' id='word_1_193' title='bbox 491 2241 537 2293; x_wconf 90' lang='lat' dir='ltr'>est</span> <span class='ocrx_word' id='word_1_194' title='bbox 561 2235 640 2294; x_wconf 91' lang='lat' dir='ltr'>enim</span> <span class='ocrx_word' id='word_1_195' title='bbox 664 2251 712 2293; x_wconf 88' lang='lat' dir='ltr'>ars</span> <span class='ocrx_word' id='word_1_196' title='bbox 735 2233 793 2293; x_wconf 90' lang='lat' dir='ltr'>illis</span> <span class='ocrx_word' id='word_1_197' title='bbox 817 2236 895 2294; x_wconf 89' lang='lat' dir='ltr'>inter</span> <span class='ocrx_word' id='word_1_198' title='bbox 919 2254 951 2295; x_wconf 90' lang='lat' dir='ltr'>se</span> <span class='ocrx_word' id='word_1_199' title='bbox 974 2234 1102 2295; x_wconf 78' lang='lat' dir='ltr'>blandiri</span> <span class='ocrx_word' id='word_1_200' title='bbox 1125 2242 1157 2294; x_wconf 90' lang='lat' dir='ltr'>et</span> <span class='ocrx_word' id='word_1_201' title='bbox 1181 2253 1245 2294; x_wconf 91' lang='lat' dir='ltr'>cor·</span> 
     </span>
     <span class='ocr_line' id='line_1_25' title="bbox 230 2317 1168 2400; baseline 0.005 -21"><span class='ocrx_word' id='word_1_202' title='bbox 230 2338 371 2399; x_wconf 87' lang='lat' dir='ltr'>rumpere</span> <span class='ocrx_word' id='word_1_203' title='bbox 394 2319 465 2380; x_wconf 89' lang='lat' dir='ltr'>alias</span> <span class='ocrx_word' id='word_1_204' title='bbox 489 2321 629 2400; x_wconf 82' lang='lat' dir='ltr'>furtoque</span> <span class='ocrx_word' id='word_1_205' title='bbox 653 2325 854 2382; x_wconf 89' lang='lat' dir='ltr'>comitatiores</span> <span class='ocrx_word' id='word_1_206' title='bbox 877 2325 995 2384; x_wconf 87' lang='lat' dir='ltr'>reverti.</span> <span class='ocrx_word' id='word_1_207' title='bbox 1165 2317 1168 2320; x_wconf 70' lang='grc'><strong>’</strong></span> 
     </span>
    </p>

    <p class='ocr_par' dir='ltr' id='par_1_6' title="bbox 178 2402 1285 3110">
     <span class='ocr_line' id='line_1_26' title="bbox 178 2402 1284 2493; baseline 0.004 -25"><span class='ocrx_word' id='word_1_208' title='bbox 178 2419 229 2468; x_wconf 82' lang='grc'>113</span> <span class='ocrx_word' id='word_1_209' title='bbox 298 2402 371 2490; x_wconf 82' lang='lat'>(53)</span> <span class='ocrx_word' id='word_1_210' title='bbox 410 2408 487 2479; x_wconf 87' lang='lat' dir='ltr'>Quin</span> <span class='ocrx_word' id='word_1_211' title='bbox 520 2418 550 2469; x_wconf 89' lang='lat' dir='ltr'>et</span> <span class='ocrx_word' id='word_1_212' title='bbox 580 2412 781 2472; x_wconf 89' lang='lat' dir='ltr'>internuntiae</span> <span class='ocrx_word' id='word_1_213' title='bbox 813 2414 843 2472; x_wconf 94' lang='lat' dir='ltr'>in</span> <span class='ocrx_word' id='word_1_214' title='bbox 876 2415 990 2490; x_wconf 91' lang='lat' dir='ltr'>magnis</span> <span class='ocrx_word' id='word_1_215' title='bbox 1021 2411 1112 2472; x_wconf 91' lang='lat' dir='ltr'>rebus</span> <span class='ocrx_word' id='word_1_216' title='bbox 1151 2413 1284 2493; x_wconf 63' lang='grc'><strong>1333315</strong></span> 
     </span>
     <span class='ocr_line' id='line_1_27' title="bbox 231 2496 1246 2579; baseline 0.005 -24"><span class='ocrx_word' id='word_1_217' title='bbox 231 2497 373 2575; x_wconf 89' lang='lat' dir='ltr'>epistulas</span> <span class='ocrx_word' id='word_1_218' title='bbox 400 2496 528 2557; x_wconf 82' lang='lat' dir='ltr'>adnexas</span> <span class='ocrx_word' id='word_1_219' title='bbox 556 2517 657 2559; x_wconf 90' lang='lat' dir='ltr'>earnm</span> <span class='ocrx_word' id='word_1_220' title='bbox 686 2498 813 2579; x_wconf 90' lang='lat' dir='ltr'>pedibus</span> <span class='ocrx_word' id='word_1_221' title='bbox 843 2499 995 2560; x_wconf 90' lang='lat' dir='ltr'>obsidione</span> <span class='ocrx_word' id='word_1_222' title='bbox 1024 2499 1187 2560; x_wconf 89' lang='lat' dir='ltr'>Mutinensi</span> <span class='ocrx_word' id='word_1_223' title='bbox 1215 2503 1246 2560; x_wconf 93' lang='lat' dir='ltr'>in</span> 
     </span>
     <span class='ocr_line' id='line_1_28' title="bbox 231 2585 1247 2667; baseline 0.006 -25"><span class='ocrx_word' id='word_1_224' title='bbox 231 2590 327 2644; x_wconf 89' lang='lat' dir='ltr'>castra</span> <span class='ocrx_word' id='word_1_225' title='bbox 351 2585 507 2646; x_wconf 91' lang='lat' dir='ltr'>consulum</span> <span class='ocrx_word' id='word_1_226' title='bbox 529 2586 660 2647; x_wconf 89' lang='lat' dir='ltr'>Decumo</span> <span class='ocrx_word' id='word_1_227' title='bbox 683 2587 776 2648; x_wconf 90' lang='lat' dir='ltr'>Bruto</span> <span class='ocrx_word' id='word_1_228' title='bbox 799 2591 944 2650; x_wconf 91' lang='lat' dir='ltr'>mittente.</span> <span class='ocrx_word' id='word_1_229' title='bbox 990 2588 1061 2667; x_wconf 88' lang='lat' dir='ltr'>quid</span> <span class='ocrx_word' id='word_1_230' title='bbox 1084 2588 1194 2654; x_wconf 84' lang='lat' dir='ltr'>vallum</span> <span class='ocrx_word' id='word_1_231' title='bbox 1216 2596 1247 2648; x_wconf 90' lang='lat' dir='ltr'>et</span> 
     </span>
     <span class='ocr_line' id='line_1_29' title="bbox 231 2671 1245 2757; baseline 0.006 -26"><span class='ocrx_word' id='word_1_232' title='bbox 231 2672 300 2750; x_wconf 90' lang='lat' dir='ltr'>vigil</span> <span class='ocrx_word' id='word_1_233' title='bbox 328 2671 442 2733; x_wconf 92' lang='lat' dir='ltr'>obsidio</span> <span class='ocrx_word' id='word_1_234' title='bbox 469 2682 558 2753; x_wconf 88' lang='lat' dir='ltr'>atque</span> <span class='ocrx_word' id='word_1_235' title='bbox 587 2678 675 2737; x_wconf 91' lang='lat' dir='ltr'>etiam</span> <span class='ocrx_word' id='word_1_236' title='bbox 704 2678 780 2736; x_wconf 89' lang='lat' dir='ltr'>retia</span> <span class='ocrx_word' id='word_1_237' title='bbox 808 2695 894 2737; x_wconf 90' lang='lat' dir='ltr'>amne</span> <span class='ocrx_word' id='word_1_238' title='bbox 922 2684 1076 2756; x_wconf 89' lang='lat' dir='ltr'>praetenta</span> <span class='ocrx_word' id='word_1_239' title='bbox 1103 2679 1245 2757; x_wconf 85' lang='lat' dir='ltr'>proluere</span> 
     </span>
     <span class='ocr_line' id='line_1_30' title="bbox 231 2761 1245 2841; baseline 0.006 -21"><span class='ocrx_word' id='word_1_240' title='bbox 231 2761 358 2821; x_wconf 73' lang='lat' dir='ltr'>Antonio</span> <span class='ocrx_word' id='word_1_241' title='bbox 380 2781 435 2841; x_wconf 89' lang='lat' dir='ltr'>per</span> <span class='ocrx_word' id='word_1_242' title='bbox 459 2763 573 2824; x_wconf 84' lang='lat' dir='ltr'>caelum</span> <span class='ocrx_word' id='word_1_243' title='bbox 597 2771 687 2825; x_wconf 88' lang='lat' dir='ltr'>eunte</span> <span class='ocrx_word' id='word_1_244' title='bbox 710 2761 837 2826; x_wconf 80' lang='lat' dir='ltr'>nuntio?</span> <span class='ocrx_word' id='word_1_245' title='bbox 883 2772 912 2825; x_wconf 93' lang='lat' dir='ltr'>et</span> <span class='ocrx_word' id='word_1_246' title='bbox 938 2764 1044 2826; x_wconf 90' lang='lat' dir='ltr'>harum</span> <span class='ocrx_word' id='word_1_247' title='bbox 1073 2783 1174 2826; x_wconf 87' lang='lat' dir='ltr'>amore</span> <span class='ocrx_word' id='word_1_248' title='bbox 1202 2769 1245 2826; x_wconf 92' lang='grc'>13-</span> 
     </span>
     <span class='ocr_line' id='line_1_31' title="bbox 231 2851 1285 2934; baseline 0.005 -25"><span class='ocrx_word' id='word_1_249' title='bbox 231 2851 351 2910; x_wconf 90' lang='lat' dir='ltr'>sauiunt</span> <span class='ocrx_word' id='word_1_250' title='bbox 373 2851 468 2911; x_wconf 89' lang='lat' dir='ltr'>multi.</span> <span class='ocrx_word' id='word_1_251' title='bbox 515 2870 607 2931; x_wconf 89' lang='lat' dir='ltr'>super</span> <span class='ocrx_word' id='word_1_252' title='bbox 629 2859 708 2913; x_wconf 89' lang='lat' dir='ltr'>tecta</span> <span class='ocrx_word' id='word_1_253' title='bbox 731 2853 924 2914; x_wconf 85' lang='lat' dir='ltr'>exaedificant</span> <span class='ocrx_word' id='word_1_254' title='bbox 946 2860 1048 2914; x_wconf 89' lang='lat' dir='ltr'>turres</span> <span class='ocrx_word' id='word_1_255' title='bbox 1070 2855 1117 2934; x_wconf 87' lang='lat' dir='ltr'>iis,</span> <span class='ocrx_word' id='word_1_256' title='bbox 1139 2853 1244 2921; x_wconf 87' lang='lat' dir='ltr'>nobili·</span> <span class='ocrx_word' id='word_1_257' title='bbox 1259 2866 1285 2907; x_wconf 76' lang='lat'>³⁰</span> 
     </span>
     <span class='ocr_line' id='line_1_32' title="bbox 229 2939 1245 3022; baseline 0.002 -24"><span class='ocrx_word' id='word_1_258' title='bbox 229 2946 380 3017; x_wconf 81' lang='lat' dir='ltr'>talemque</span> <span class='ocrx_word' id='word_1_259' title='bbox 395 2939 577 3018; x_wconf 82' lang='lat' dir='ltr'>singtdarum</span> <span class='ocrx_word' id='word_1_260' title='bbox 591 2948 622 3001; x_wconf 91' lang='lat' dir='ltr'>et</span> <span class='ocrx_word' id='word_1_261' title='bbox 634 2943 765 3020; x_wconf 87' lang='lat' dir='ltr'>origines</span> <span class='ocrx_word' id='word_1_262' title='bbox 779 2949 901 3002; x_wconf 91' lang='lat' dir='ltr'>narrant</span> <span class='ocrx_word' id='word_1_263' title='bbox 914 2949 1013 3002; x_wconf 91' lang='lat' dir='ltr'>vetere</span> <span class='ocrx_word' id='word_1_264' title='bbox 1029 2943 1087 3002; x_wconf 91' lang='lat' dir='ltr'>iam</span> <span class='ocrx_word' id='word_1_265' title='bbox 1101 2942 1245 3022; x_wconf 81' lang='lat' dir='ltr'>exemplo.</span> 
     </span>
     <span class='ocr_line' id='line_1_33' title="bbox 230 3025 1241 3110; baseline 0.005 -25"><span class='ocrx_word' id='word_1_266' title='bbox 230 3025 261 3086; x_wconf 91' lang='lat' dir='ltr'>L.</span> <span class='ocrx_word' id='word_1_267' title='bbox 285 3027 377 3089; x_wconf 76' lang='lat' dir='ltr'>Axius</span> <span class='ocrx_word' id='word_1_268' title='bbox 400 3046 493 3106; x_wconf 89' lang='lat' dir='ltr'>eques</span> <span class='ocrx_word' id='word_1_269' title='bbox 516 3029 667 3090; x_wconf 88' lang='lat' dir='ltr'>Romanus</span> <span class='ocrx_word' id='word_1_270' title='bbox 690 3037 758 3090; x_wconf 90' lang='lat' dir='ltr'>ante</span> <span class='ocrx_word' id='word_1_271' title='bbox 781 3029 892 3091; x_wconf 82' lang='lat' dir='ltr'>bobum</span> <span class='ocrx_word' id='word_1_272' title='bbox 920 3029 1005 3090; x_wconf 79' lang='lat' dir='ltr'>civile</span> <span class='ocrx_word' id='word_1_273' title='bbox 1028 3029 1241 3110; x_wconf 88' lang='lat' dir='ltr'>Pompeianum</span> 
     </span>
    </p>
   </div>
   <div class='ocr_carea' id='block_1_3' title="bbox 229 3173 442 3188">
    <p class='ocr_par' dir='ltr' id='par_1_7' title="bbox 229 3173 442 3188">
     <span class='ocr_line' id='line_1_34' title="bbox 229 3173 442 3188; baseline 0.005 -2"><span class='ocrx_word' id='word_1_274' title='bbox 229 3173 442 3188; x_wconf 53' lang='lat' dir='ltr'>„cuent-nnat·—</span> 
     </span>
    </p>
   </div>
   <div class='ocr_carea' id='block_1_4' title="bbox 228 3251 1252 3674">
    <p class='ocr_par' dir='ltr' id='par_1_8' title="bbox 228 3251 1252 3674">
     <span class='ocr_line' id='line_1_35' title="bbox 301 3251 1245 3310; baseline 0 -4"><span class='ocrx_word' id='word_1_275' title='bbox 301 3260 354 3306; x_wconf 86' lang='grc'>13</span> <span class='ocrx_word' id='word_1_276' title='bbox 372 3269 437 3307; x_wconf 84' lang='lat' dir='ltr'>uere</span> <span class='ocrx_word' id='word_1_277' title='bbox 457 3253 570 3308; x_wconf 82' lang='lat' dir='ltr'>dHord.</span> <span class='ocrx_word' id='word_1_278' title='bbox 598 3253 738 3308; x_wconf 71' lang='lat' dir='ltr'>heberet.</span> <span class='ocrx_word' id='word_1_279' title='bbox 766 3269 831 3308; x_wconf 84' lang='lat' dir='ltr'>vere</span> <span class='ocrx_word' id='word_1_280' title='bbox 845 3253 904 3310; x_wconf 82' lang='lat' dir='ltr'>edd.</span> <span class='ocrx_word' id='word_1_281' title='bbox 919 3259 982 3308; x_wconf 84' lang='lat' dir='ltr'>onte</span> <span class='ocrx_word' id='word_1_282' title='bbox 995 3251 1087 3309; x_wconf 77' lang='lat' dir='ltr'>Hond.</span> <span class='ocrx_word' id='word_1_283' title='bbox 1160 3259 1245 3307; x_wconf 72' lang='grc'><strong>233-</strong></span> 
     </span>
     <span class='ocr_line' id='line_1_36' title="bbox 228 3321 1244 3397; baseline 0.001 -21"><span class='ocrx_word' id='word_1_284' title='bbox 228 3321 403 3378; x_wconf 74' lang='lat' dir='ltr'>minotauri.</span> <span class='ocrx_word' id='word_1_285' title='bbox 428 3325 469 3378; x_wconf 83' lang='grc'>-13</span> <span class='ocrx_word' id='word_1_286' title='bbox 483 3341 505 3378; x_wconf 85' lang='lat' dir='ltr'>r.</span> <span class='ocrx_word' id='word_1_287' title='bbox 569 3330 664 3378; x_wconf 68' lang='lat' dir='ltr'>tcum</span> <span class='ocrx_word' id='word_1_288' title='bbox 677 3325 743 3377; x_wconf 67' lang='grc'><strong>1111,</strong></span> <span class='ocrx_word' id='word_1_289' title='bbox 762 3326 862 3397; x_wconf 69' lang='lat' dir='ltr'>poste.</span> <span class='ocrx_word' id='word_1_290' title='bbox 879 3326 883 3393; x_wconf 92' lang='grc' dir='ltr'>Ι</span> <span class='ocrx_word' id='word_1_291' title='bbox 900 3325 1061 3380; x_wconf 79' lang='lat' dir='ltr'>solstitiod.</span> <span class='ocrx_word' id='word_1_292' title='bbox 1124 3330 1244 3394; x_wconf 69' lang='lat' dir='ltr'>epure.</span> 
     </span>
     <span class='ocr_line' id='line_1_37' title="bbox 229 3393 1245 3465; baseline 0.002 -19"><span class='ocrx_word' id='word_1_293' title='bbox 229 3409 293 3461; x_wconf 83' lang='lat' dir='ltr'>pars</span> <span class='ocrx_word' id='word_1_294' title='bbox 313 3395 341 3448; x_wconf 82' lang='lat' dir='ltr'>ll.</span> <span class='ocrx_word' id='word_1_295' title='bbox 431 3402 448 3449; x_wconf 80' lang='lat'>6</span> <span class='ocrx_word' id='word_1_296' title='bbox 468 3397 586 3465; x_wconf 73' lang='lat' dir='ltr'>appetet</span> <span class='ocrx_word' id='word_1_297' title='bbox 602 3393 665 3448; x_wconf 64' lang='lat' dir='ltr'>dit.</span> <span class='ocrx_word' id='word_1_298' title='bbox 698 3397 748 3462; x_wconf 79' lang='lat' dir='ltr'>cfr.</span> <span class='ocrx_word' id='word_1_299' title='bbox 763 3395 850 3450; x_wconf 71' lang='lat' dir='ltr'>Arist.</span> <span class='ocrx_word' id='word_1_300' title='bbox 868 3395 894 3450; x_wconf 82' lang='lat' dir='ltr'>b.</span> <span class='ocrx_word' id='word_1_301' title='bbox 910 3413 935 3449; x_wconf 87' lang='lat' dir='ltr'>a.</span> <span class='ocrx_word' id='word_1_302' title='bbox 951 3399 997 3447; x_wconf 90' lang='lat' dir='ltr'>IX</span> <span class='ocrx_word' id='word_1_303' title='bbox 1010 3401 1028 3451; x_wconf 83' lang='lat'><em>7</em></span> <span class='ocrx_word' id='word_1_304' title='bbox 1041 3413 1072 3464; x_wconf 82' lang='lat' dir='ltr'>p.</span> <span class='ocrx_word' id='word_1_305' title='bbox 1083 3396 1184 3461; x_wconf 62' lang='lat'><strong><em>61311,</em></strong></span> <span class='ocrx_word' id='word_1_306' title='bbox 1199 3399 1245 3449; x_wconf 87' lang='lat'>30.</span> 
     </span>
     <span class='ocr_line' id='line_1_38' title="bbox 230 3464 1242 3542; baseline 0.003 -26"><span class='ocrx_word' id='word_1_307' title='bbox 230 3465 303 3542; x_wconf 74' lang='grc'><strong>-3331</strong></span> <span class='ocrx_word' id='word_1_308' title='bbox 316 3464 374 3518; x_wconf 65' lang='lat' dir='ltr'>aio.</span> <span class='ocrx_word' id='word_1_309' title='bbox 399 3467 473 3520; x_wconf 82' lang='lat' dir='ltr'>-rent</span> <span class='ocrx_word' id='word_1_310' title='bbox 486 3483 509 3520; x_wconf 87' lang='lat' dir='ltr'>r.</span> <span class='ocrx_word' id='word_1_311' title='bbox 583 3471 616 3520; x_wconf 90' lang='grc'><strong>10</strong></span> <span class='ocrx_word' id='word_1_312' title='bbox 631 3465 698 3533; x_wconf 87' lang='lat' dir='ltr'>quin</span> <span class='ocrx_word' id='word_1_313' title='bbox 712 3465 800 3520; x_wconf 75' lang='lat' dir='ltr'>Iliun.</span> <span class='ocrx_word' id='word_1_314' title='bbox 826 3466 915 3535; x_wconf 84' lang='lat' dir='ltr'>quill.</span> <span class='ocrx_word' id='word_1_315' title='bbox 989 3471 1021 3520; x_wconf 89' lang='lat'>11</span> <span class='ocrx_word' id='word_1_316' title='bbox 1041 3467 1104 3522; x_wconf 81' lang='lat' dir='ltr'>dist.</span> <span class='ocrx_word' id='word_1_317' title='bbox 1120 3465 1242 3534; x_wconf 75' lang='grc'><strong>133331</strong></span> 
     </span>
     <span class='ocr_line' id='line_1_39' title="bbox 230 3535 1252 3606; baseline 0.002 -21"><span class='ocrx_word' id='word_1_318' title='bbox 230 3535 339 3587; x_wconf 73' lang='lat' dir='ltr'>vinetus</span> <span class='ocrx_word' id='word_1_319' title='bbox 358 3535 445 3590; x_wconf 76' lang='lat' dir='ltr'>Raro.</span> <span class='ocrx_word' id='word_1_320' title='bbox 475 3535 567 3590; x_wconf 82' lang='grc'><strong>313133</strong></span> <span class='ocrx_word' id='word_1_321' title='bbox 587 3537 614 3590; x_wconf 86' lang='lat' dir='ltr'>ll.</span> <span class='ocrx_word' id='word_1_322' title='bbox 688 3541 721 3590; x_wconf 85' lang='grc'>16</span> <span class='ocrx_word' id='word_1_323' title='bbox 740 3537 919 3592; x_wconf 81' lang='grc'><strong>11333333133</strong></span> <span class='ocrx_word' id='word_1_324' title='bbox 933 3541 958 3591; x_wconf 84' lang='lat' dir='ltr'>ti.</span> <span class='ocrx_word' id='word_1_325' title='bbox 986 3537 1036 3606; x_wconf 78' lang='lat' dir='ltr'>cfr.</span> <span class='ocrx_word' id='word_1_326' title='bbox 1052 3536 1154 3592; x_wconf 76' lang='lat' dir='ltr'>Colum.</span> <span class='ocrx_word' id='word_1_327' title='bbox 1174 3537 1252 3588; x_wconf 90' lang='lat' dir='ltr'><em>VIII</em></span> 
     </span>
     <span class='ocr_line' id='line_1_40' title="bbox 229 3604 1246 3674; baseline 0.003 -18"><span class='ocrx_word' id='word_1_328' title='bbox 229 3606 257 3667; x_wconf 81' lang='lat'>8,</span> <span class='ocrx_word' id='word_1_329' title='bbox 268 3607 292 3656; x_wconf 85' lang='lat'>7.</span> <span class='ocrx_word' id='word_1_330' title='bbox 321 3604 476 3674; x_wconf 75' lang='lat' dir='ltr'>tinungrulis</span> <span class='ocrx_word' id='word_1_331' title='bbox 493 3608 557 3660; x_wconf 66' lang='lat'>1¹2.</span> <span class='ocrx_word' id='word_1_332' title='bbox 588 3606 645 3660; x_wconf 80' lang='lat' dir='ltr'>etin</span> <span class='ocrx_word' id='word_1_333' title='bbox 659 3607 699 3660; x_wconf 65' lang='lat'>1³².</span> <span class='ocrx_word' id='word_1_334' title='bbox 725 3607 798 3660; x_wconf 80' lang='lat' dir='ltr'>tinn-</span> <span class='ocrx_word' id='word_1_335' title='bbox 817 3614 848 3663; x_wconf 80' lang='lat' dir='ltr'>B.</span> <span class='ocrx_word' id='word_1_336' title='bbox 921 3613 954 3662; x_wconf 75' lang='lat'>23</span> <span class='ocrx_word' id='word_1_337' title='bbox 974 3624 1026 3662; x_wconf 85' lang='grc'>333</span> <span class='ocrx_word' id='word_1_338' title='bbox 1044 3607 1142 3662; x_wconf 66' lang='lat' dir='ltr'>We.</span> <span class='ocrx_word' id='word_1_339' title='bbox 1170 3607 1206 3661; x_wconf 78' lang='lat' dir='ltr'>ab</span> <span class='ocrx_word' id='word_1_340' title='bbox 1220 3622 1246 3660; x_wconf 85' lang='lat' dir='ltr'>r.</span> 
     </span>
    </p>
   </div>
   <div class='ocr_carea' id='block_1_5' title="bbox 0 0 1322 3952">
    <p class='ocr_par' dir='ltr' id='par_1_9' title="bbox 0 0 1322 3952">
     <span class='ocr_line' id='line_1_41' title="bbox 0 0 1322 3952; baseline 0 0"><span class='ocrx_word' id='word_1_341' title='bbox 0 0 1322 3952; x_wconf 95' lang='lat' dir='ltr'> </span> 
     </span>
    </p>
   </div>
  </div>
 </body>
</html>
