2628 3950
141 213 146 224 ι
192 149 235 213 46
538 141 862 198 conmissorum

193 297 351 377 sacriticat,
382 294 412 356 C.
437 293 579 354 Servilius
601 292 710 372 Pansa,
742 308 812 352 cum
839 297 932 350 staret
957 291 990 350 in
1014 289 1079 349 loro
1107 289 1142 349 ad
1165 295 1208 350 ta·

193 386 316 447 bernam
338 384 412 443 bora
435 382 494 443 diei
517 381 647 442 secunda
669 382 702 442 in
724 379 756 440 P.
779 380 902 439 fratrem
924 379 1058 459 innixus,
1080 376 1208 440 Baebius

192 472 290 554 iudex,
314 472 385 533 dum
406 471 606 531 vadimonium
629 467 852 547 diiierriiubet,
875 466 912 527 M.
927 465 1086 528 Terentius
1105 465 1209 549 Corax,
1249 545 1251 548 Ι
1306 491 1307 502 .

141 572 192 623 183
202 562 273 623 dnm
295 559 417 622 tabellas
445 558 550 620 scribit
572 561 603 618 in
625 557 700 618 loro.
746 574 802 616 nee
824 574 885 616 non
913 562 943 615 et
964 557 1100 635 proximo
1123 573 1210 638 anno,

194 650 265 712 dum
287 648 439 710 consulari
461 649 526 708 viro
551 649 583 707 in
606 655 710 706 aurem
733 645 817 726 dicit,
846 661 939 722 eques
962 643 1113 704 Romanus
1140 653 1237 705 anteo

194 737 358 818 Apollinem
380 736 524 797 eboreum
546 734 599 814 qui
621 742 668 794 est
689 735 721 794 in
739 734 805 793 foro
823 733 957 812 Augusti.
990 750 1082 812 super
1104 749 1209 793 omnes

194 827 226 888 G.
248 825 342 888 lulius
364 825 512 906 medicus,
544 824 616 885 dum
642 824 794 903 inunguit,
826 820 981 900 speclMum
1007 837 1063 901 per
1089 821 1210 882 oculum
1306 819 1307 910 l

194 914 329 996 trahens,
360 915 392 974 Α.
420 912 545 974 Manlius
573 911 742 991 Torquatus
773 908 950 991 consularis,
981 927 1051 970 cum
1078 912 1109 969 in
1136 926 1210 970 cena

194 1002 360 1083 placentam
383 1003 549 1082 adpeteret,
572 998 748 1061 tracuus
767 998 900 1059 medicus
914 997 1007 1080 Valla,
1030 998 1102 1058 dum
1121 997 1211 1059 midsi

95 1143 98 1152 ,
195 1094 347 1172 potionem
369 1090 478 1171 haurit,
501 1089 613 1168 Appius
631 1087 777 1168 Saufeius,
799 1105 817 1148 e
839 1086 956 1148 balineo
979 1105 1118 1148 reversus
1141 1103 1212 1148 cum
1225 1101 1253 1141 ιο

195 1180 325 1253 mulsum
351 1178 477 1239 bibisset
504 1194 650 1255 ovumque
678 1175 827 1257 sorberet,
856 1174 888 1236 P.
913 1175 1052 1246 Quintius
1076 1175 1210 1257 Scapula,

196 1288 264 1330 crim
297 1267 374 1347 apud
404 1266 554 1345 Aquilium
585 1262 701 1324 Gallum
732 1271 866 1345 cenaret,
902 1263 1041 1324 Decimus
1072 1263 1211 1325 Saufeius

143 1367 194 1416 184
204 1356 314 1438 scriba,
337 1372 407 1415 cum
429 1355 509 1414 douai
531 1370 602 1413 suae
625 1350 793 1430 pranderet.
824 1351 980 1413 Cornelius
1002 1351 1103 1413 Gallus
1125 1369 1209 1432 prae-

194 1447 291 1506 torius
318 1451 348 1504 et
375 1443 404 1502 Τ.
428 1441 586 1503 Hetereius
613 1459 707 1520 eques
729 1440 881 1503 Romanus
908 1442 940 1501 in
962 1457 1071 1501 venere
1099 1439 1211 1521 obiere,

107 1607 109 1611 Ι
195 1541 226 1594 et
253 1549 327 1610 quos
357 1540 459 1591 nostra
486 1529 637 1590 adnotavit
664 1537 743 1590 aetas
772 1530 831 1590 duo
862 1531 1011 1608 equestris
1038 1529 1152 1589 ordinis
1177 1531 1209 1589 in
1226 1541 1254 1584 15

195 1620 300 1681 eodem
322 1620 502 1698 pantomimo
520 1618 644 1698 Mystico
668 1626 733 1678 tum
756 1618 851 1679 torma
868 1616 1074 1697 praecellente.
1105 1635 1209 1697 opero·

196 1710 311 1770 sissima
333 1716 433 1768 tamen
457 1709 601 1768 securitas
624 1708 729 1767 mortis
752 1709 783 1767 in
805 1705 843 1767 M.
867 1705 952 1767 Otilio
975 1704 1076 1766 Hilaro
1100 1705 1137 1766 ab
1160 1723 1209 1766 an·
1306 1755 1307 1782 ,

144 1806 194 1856 185
204 1798 295 1876 tiquis
319 1795 455 1857 traditur.
501 1795 721 1856 comoediarum
743 1797 850 1856 bistrio
872 1796 912 1876 is,
936 1811 1005 1855 cum
1026 1795 1137 1874 populo
1161 1794 1209 1854 ad·

97 1881 104 1896 ⁴
196 1885 317 1946 modum
345 1884 506 1964 placuisset
538 1883 627 1944 natali
656 1884 703 1945 die
734 1901 789 1944 suo
821 1885 1047 1962 contidumque
1078 1881 1210 1965 haberet,

196 1973 275 2034 edita
290 1991 366 2052 vcena
384 1972 507 2034 calidam
525 1975 677 2052 potionem
699 1975 730 2032 in
748 1971 877 2052 pultario
895 1974 1039 2054 poposcit,
1063 1971 1209 2050 simulque
1223 1983 1255 2024 2⁰
1305 2035 1306 2040 ,

99 2117 102 2122 Α
196 2079 355 2141 personam
373 2063 438 2123 eius
456 2062 516 2123 diei
534 2069 686 2141 acceptam
703 2063 823 2122 intuens
847 2078 987 2121 coronam
1005 2078 1022 2120 e
1041 2062 1137 2141 capite
1155 2077 1209 2120 suo

195 2153 228 2211 in
251 2169 316 2212 eam
334 2149 499 2232 transtulit,
522 2150 573 2213 tali
591 2149 694 2210 habitu
716 2152 817 2228 rigens
836 2148 917 2210 nullo
936 2150 1093 2231 sentiente,
1115 2148 1210 2210 donec

125 2293 128 2298 .
196 2238 405 2300 acctrbantium
426 2240 580 2319 proximus
603 2247 758 2317 tepescere
781 2239 934 2317 potionem
956 2237 1137 2298 admoneret.

144 2335 195 2386 186
262 2327 342 2388 llaec
364 2326 463 2389 felicia
485 2325 632 2408 exempla,
654 2333 684 2386 at
706 2333 811 2386 contra
833 2328 1022 2386 miseriarum
1041 2327 1210 2386 innumera:

195 2414 228 2476 L.
247 2415 393 2477 Domitius
416 2416 596 2477 clarissimae
615 2417 712 2494 gentis
729 2415 812 2494 'apud
830 2413 988 2475 Massiliam
1011 2416 1116 2496 victus,
1139 2413 1209 2475 Gor·
1224 2427 1255 2467 2⁵

196 2505 248 2564 smi
266 2511 371 2584 eaptus
390 2503 427 2564 ab
445 2504 551 2565 eodem
565 2503 700 2584 Caesare,
718 2521 833 2564 veneno
849 2509 920 2582 poto
938 2509 1062 2581 propter
1079 2502 1211 2564 taedium
1305 2515 1306 2578 t

268 2770 284 2818 2
308 2763 430 2818 secunda
451 2767 476 2817 d.
509 2763 546 2816 ad
566 2762 717 2818 secundam
740 2761 798 2834 (da
815 2762 848 2832 o)
870 2778 893 2816 r.
975 2762 1048 2815 8A.
1066 2777 1091 2816 o.
1120 2778 1167 2833 am
1184 2779 1210 2815 a.

194 2835 224 2890 iai
240 2834 310 2888 utr.
333 2833 363 2889 iii
380 2839 412 2888 lt.
436 2834 543 2888 om.1>¹.
566 2834 617 2889 del.
634 2832 682 2887 dl:
727 2839 743 2887 9
762 2832 881 2887 luceius
895 2831 988 2888 Hord.
1010 2831 1138 2887 tuuceius
1156 2837 1209 2887 Ita.

194 2905 302 2960 timidus
320 2911 349 2959 Ε.
376 2903 486 2960 diutius
503 2909 535 2959 tt.
562 2903 668 2958 inscius
686 2907 735 2957 dd.
765 2907 769 2972 t
798 2902 877 2958 nulla
895 2903 922 2958 ll.
952 2902 1047 2958 Sullae
1065 2902 1137 2957 Dat.

195 2982 230 3031 10
253 2975 390 3047 sacipeius
413 2981 444 3029 a.
518 2981 551 3030 12
574 2974 690 3029 Aufeius
713 2979 736 3026 n
758 2989 792 3030 ea
810 2990 879 3030 corr.
954 2979 987 3028 14
1009 2974 1040 3027 Τ.
1064 2971 1210 3028 Hetereius

195 3046 289 3104 Halm.
304 3048 342 3102 ad
355 3047 417 3102 Val.
434 3045 517 3101 Mac.
532 3049 579 3098 IX
590 3051 674 3113 12,8.
697 3044 732 3099 V.
746 3044 898 3100 hectierius
915 3049 947 3099 u.
970 3044 1004 3099 V.
1018 3043 1142 3100 heterius
1160 3048 1210 3098 du.

194 3119 228 3174 V.
248 3118 371 3174 etherius
388 3123 419 3172 n.
442 3117 476 3172 V.
495 3116 637 3172 aetherius
655 3122 684 3171 r.
707 3116 741 3171 V.
760 3116 866 3172 etbt‘ius
884 3133 909 3170 ι.
983 3115 1211 3185 16,ρωιὺοωὶηιιι
1305 3131 1306 3143 ’

194 3190 239 3243 1¹.
267 3190 336 3244 -imd
354 3188 398 3243 π’.
427 3187 487 3242 -inu
506 3191 530 3241 d.
556 3191 560 3258 Ι
585 3187 686 3244 laiatico
704 3187 749 3242 1².
777 3187 870 3242 histso
888 3187 932 3242 12¹.
1006 3191 1092 3241 1le
1112 3201 1211 3268 opero-

196 3259 306 3314 sissima
324 3260 352 3314 ll.
369 3275 395 3316 o.
425 3277 464 3315 me
481 3257 745 3329 prodigiosissima?
836 3262 869 3313 18
891 3256 995 3312 istriis
1013 3262 1044 3312 e.
1071 3256 1166 3326 patenis
1184 3261 1210 3310 (t.

194 3328 274 3384 isirio
296 3331 321 3384 is
342 3347 366 3384 r.
444 3335 478 3384 20
501 3329 578 3384 auita
599 3329 724 3384 u1=¹e¹t
802 3335 835 3384 21
857 3329 968 3383 intuens
990 3328 1018 3384 ll.
1036 3342 1061 3383 o.
1092 3326 1211 3382 induens

196 3397 268 3453 Geor
285 3415 312 3454 es
324 3401 421 3468 pistici.
440 3391 563 3454 xxtffl
574 3418 603 3470 p.
615 3405 678 3457 690.
746 3406 780 3455 23
799 3402 827 3454 te
845 3415 961 3470 poscere
979 3397 1023 3453 ι’.
1051 3400 1080 3452 te
1097 3400 1210 3468 postero

195 3468 240 3521 1¹.
267 3415 417 3550 deposcere
440 3475 464 3525 d.
555 3477 590 3526 at
612 3472 788 3528 miseriarum
810 3472 838 3526 ll.
856 3487 881 3526 o.
916 3489 955 3526 au
976 3471 1140 3524 miserarum
1163 3471 1209 3538 (se.

196 3539 362 3607 mortuum?
389 3541 462 3596 Detl.
480 3542 653 3596 miserorum.
733 3547 820 3598 2526
840 3541 948 3597 corfinii
966 3540 1001 3594 1²²
1017 3542 1050 3595 iu
1067 3556 1121 3595 ras.
1150 3555 1210 3595 cor-

195 3607 245 3660 nill
262 3609 368 3664 limi.
397 3611 520 3667 cornifici
537 3630 560 3667 r.
678 3621 680 3625 ’
