2608 3958
368 139 453 196 NAT.
472 140 565 196 HIST.
583 140 637 195 VII
654 147 724 196 4-7
744 143 835 212 (3-5)
968 137 982 156 ³
1067 146 1106 206 11

78 309 167 354 mero
196 291 309 370 genitis
336 291 416 352 intra
439 290 719 370 quadragensimum
741 291 821 352 diem
847 293 993 352 maximus
1015 290 1108 373 labor,

79 379 216 459 gravidis
242 386 344 440 autem
367 387 473 458 quarto
501 387 532 440 et
554 387 658 440 octavo
684 398 800 461 mense,
831 379 993 460 letalesque
1016 381 1108 442 iniis

81 469 219 530 abortus.
249 468 429 532 Masurius
454 476 558 531 auctor
581 475 627 530 est
645 467 676 529 L.
696 468 849 548 Papirium
870 478 1039 549 praetorem
1063 489 1108 531 se-

83 558 184 620 cundo
213 557 327 621 herede
354 557 419 636 lege
447 563 553 636 agente
581 556 729 619 bonorum
756 560 976 638 possessionem
1005 566 1109 620 contra

49 663 65 702 5
85 665 156 708 eum
174 647 309 726 dedisse,
332 664 402 708 cum
424 653 520 708 mater
537 653 657 726 partum
680 666 711 707 se
733 661 802 708 xl11
824 647 979 708 mensibus
994 648 1109 708 diceret

83 736 200 817 tulisse,
226 737 368 815 quoniam
389 735 506 796 nullum
529 741 646 797 certum
664 743 782 816 tempus
805 737 941 816 pariendi
964 743 1109 799 statutum

83 825 248 886 rideretur.

153 909 189 976 6.
215 907 269 996 (5)
298 912 323 974 t
346 920 492 992 conceptu
516 914 631 974 decimo
656 913 703 974 die
727 912 846 974 dolores
870 916 983 994 capitis,
1008 915 1106 975 oculo·
1126 922 1159 969 41

83 1021 154 1064 rurn
176 1004 341 1080 vertigines
364 1001 575 1083 tenebraeque,
597 1003 749 1064 fastidium
771 1005 802 1062 in
826 1003 909 1082 cibis,
932 1003 1109 1064 redundatio

36 1108 67 1146 1⁰
83 1091 234 1154 stomachi
247 1091 361 1152 indices
381 1099 452 1153 sunt
465 1091 593 1152 hominis
612 1091 751 1152 inchoati.
779 1090 884 1151 melior
899 1091 982 1151 color
995 1110 1109 1152 marem

82 1183 197 1242 ferenti
225 1187 257 1241 et
279 1179 395 1242 facilior
417 1188 534 1261 partus,
566 1188 666 1240 motus
693 1182 725 1240 iu
748 1180 1107 1259 utero,quadragensimo

83 1271 142 1332 die.
170 1269 323 1330 contraria
346 1271 444 1330 omrtia
466 1271 497 1330 in
517 1268 610 1332 altero
629 1287 712 1350 sexu,
735 1268 910 1348 ingestabile
930 1287 1016 1350 onus,
1040 1287 1107 1330 cru·

84 1377 154 1420 rum
178 1366 210 1420 et
232 1359 364 1436 inguinis
387 1357 459 1418 levis
478 1365 588 1439 tumor,
610 1360 726 1437 primus
749 1365 850 1419 autem
868 1370 914 1418 xc
933 1359 981 1418 die
1000 1365 1107 1418 motus.

85 1447 139 1508 sed
160 1447 328 1527 plurimum
350 1447 501 1526 languoris
528 1449 559 1508 in
582 1455 711 1526 utroque
734 1465 809 1508 sexu
837 1447 978 1528 capillum
1000 1448 1107 1526 germi-
1127 1453 1162 1500 42

42 1549 71 1589 1⁵
86 1543 176 1598 nante
201 1542 291 1615 partu
314 1543 344 1596 et
366 1537 398 1596 in
420 1535 597 1617 plenilunio,
623 1535 704 1615 quod
727 1544 845 1616 tempus
869 1537 965 1596 editos
988 1554 1108 1615 quoque

85 1625 216 1686 infantes
239 1627 401 1708 praecipue
423 1625 553 1686 infestat.
591 1625 724 1703 adeoque
747 1627 884 1686 incessus
908 1633 997 1704 atque
1020 1643 1109 1685 omne

86 1713 232 1793 quicquid
255 1713 315 1774 dici
336 1720 436 1792 potest
458 1715 489 1773 in
511 1714 631 1792 gravida
653 1715 756 1793 refert,
781 1721 815 1774 ut
837 1713 1010 1774 salsioribus
1034 1713 1109 1774 cibis

86 1821 157 1863 usae
182 1808 336 1863 carentem
358 1802 528 1881 unguiculis
550 1810 669 1881 partum
692 1802 793 1882 edant,
821 1805 900 1864 etsi
923 1805 1110 1881 respiravere

88 1891 239 1952 difficilius
264 1893 424 1952 enitantur.
463 1893 598 1952 oscitatio
623 1890 743 1970 quidem
765 1893 797 1951 in
821 1894 911 1952 enixu
934 1891 1030 1951 letalis
1054 1897 1108 1971 est,

50 1993 76 2032 2⁰
89 1983 166 2042 sicut
190 1982 357 2040 sternuisse
382 1998 398 2039 a
422 1982 502 2040 coitu
526 1980 700 2040 abortivum.
1102 2011 1105 2018 ·

156 2063 190 2131 7.
237 2068 360 2130 Miseret
383 2076 472 2148 atque
496 2071 585 2130 etiam
607 2069 700 2149 pudet
727 2071 935 2129 aestimantem
958 2085 1048 2146 quam
1070 2069 1109 2127 sit
1128 2073 1162 2120 43

87 2158 191 2218 friiola
210 2157 382 2218 animalium
401 2157 608 2236 superbissimi
626 2161 719 2238 origo,
738 2175 807 2218 cum
821 2157 972 2235 plerisque
987 2155 1109 2216 abortus

88 2263 177 2308 eausa
191 2246 267 2308 odor
282 2265 298 2306 a
312 2246 503 2308 lucernarum
515 2247 565 2306 liat
579 2249 737 2308 exstinctu.
756 2246 803 2306 his
812 2246 968 2324 principiis
982 2261 1109 2304 nascun-

89 2344 138 2396 tur
161 2337 294 2415 tyranni,
317 2335 364 2395 bis
388 2335 520 2395 carnifex
543 2338 668 2396 animus.
706 2343 740 2395 tu
763 2336 814 2413 qui
838 2334 973 2413 corporis
996 2331 1109 2392 viribus

52 2437 76 2476 2⁵
90 2425 163 2506 fidis,
187 2432 221 2484 tu
241 2425 294 2503 qui
308 2425 445 2485 fortunae
464 2442 589 2485 munera
607 2424 784 2504 amplexaris
808 2431 838 2485 et
852 2429 882 2482 te
900 2442 938 2482 ne
957 2422 1110 2482 alumnum

90 2514 210 2592 quidem
225 2515 291 2573 eius
305 2514 456 2574 existimas
471 2513 523 2574 sed
537 2521 670 2593 partum,
689 2520 723 2573 tu
737 2514 823 2573 cuius
838 2529 957 2591 semper
970 2512 1109 2571 tinctoris
1129 2517 1164 2564 44

89 2610 135 2662 est
156 2619 253 2680 mens,
277 2603 382 2680 tuqui
404 2610 434 2663 te
454 2603 544 2662 deum
566 2603 673 2682 credis,
697 2601 795 2681 aliquo
819 2619 963 2663 successu
981 2608 1110 2680 tumens,

90 2693 163 2754 tanti
192 2691 295 2770 perire
324 2692 462 2771 potuisti,
504 2698 592 2769 atque
623 2693 713 2752 etiam
742 2690 830 2750 hodie
860 2691 985 2751 minoris
1014 2696 1110 2768 potes,

91 2778 234 2858 quantulo
266 2782 413 2857 serpentis
443 2782 522 2841 ictus
552 2779 654 2861 dente,
691 2787 743 2840 aut
772 2781 863 2839 etiam
892 2786 926 2840 ut
955 2778 1110 2838 Anacreon

55 2880 79 2920 ³0
91 2877 176 2946 poeta
195 2869 283 2928 acino
301 2885 374 2928 uvae
388 2886 501 2948 passae,
524 2876 559 2928 ut
571 2867 681 2930 fabius
697 2869 823 2928 Senator
836 2874 958 2948 praetor
976 2869 1008 2926 in
1026 2866 1110 2926 lactis

9 2947 10 2962 ¹
64 2957 198 3018 -haustu
227 2973 289 3015 uno
312 2957 372 3034 pilo
401 2957 610 3035 strangulatus
657 2960 683 3017 is
711 2958 831 3017 demum
857 2956 993 3036 profecto
1020 2956 1112 3014 vitam

97 3113 310 3126 —un—-——-

161 3207 177 3256 3
199 3199 346 3257 aborbibns
364 3202 417 3260 Ed.
442 3201 518 3252 -buus
536 3215 559 3252 r.
580 3201 585 3267 Ι
610 3198 751 3270 papirium
768 3203 793 3252 d.
817 3198 868 3266 cfr.
884 3198 989 3253 Gellius
1007 3199 1057 3248 III
1066 3200 1112 3262 16,

95 3276 139 3326 23.
164 3271 332 3341 perpurium
349 3275 381 3323 B.
409 3268 559 3339 paparium
576 3286 600 3324 r.
673 3275 738 3324 ese
757 3269 892 3324 tredecim
909 3267 986 3321 1²2².
1016 3283 1044 3322 se
1064 3267 1111 3320 de·

95 3343 147 3398 cim
164 3343 204 3396 ιι.
232 3341 298 3396 XVI
316 3345 333 3394 d
351 3357 365 3395 e
383 3356 452 3397 corr.
480 3340 530 3395 sed
548 3339 672 3396 sedecim
688 3340 757 3394 1ll¹²¹
840 3348 856 3396 6
875 3342 981 3394 ebatum
999 3337 1110 3392 F¹c¹d¹.

162 3419 199 3468 14
227 3412 332 3482 capillo
360 3411 398 3466 ι’.
427 3469 430 3476 ,
478 3417 512 3466 20
541 3413 712 3466 sumasne
739 3411 783 3466 12².
816 3411 939 3466 renuisse
966 3409 1011 3462 2¹.
1044 3410 1112 3462 stre-

96 3484 185 3540 mdsse
206 3488 230 3538 d.
304 3489 338 3537 22
381 3483 526 3550 lorumque
549 3488 580 3536 B.
654 3489 688 3546 26
711 3482 832 3536 iacturis
853 3483 897 3537 θ’.
924 3478 1044 3534 uictoria
1062 3484 1111 3531 dn.

163 3561 198 3612 27
222 3557 334 3609 bumens
402 3555 427 3608 b.
459 3569 501 3608 -es
524 3554 553 3608 ll.
644 3559 678 3608 28
703 3553 777 3608 bauli
801 3551 905 3604 wal.
937 3550 1046 3602 tantine
1069 3548 1112 3600 1³².

98 3627 172 3681 laute
191 3626 251 3679 a¹d.
278 3625 378 3696 silente
397 3624 441 3679 12².
470 3641 509 3678 an
526 3624 600 3678 bauti
619 3626 649 3676 eb
667 3622 755 3678 ante?
1017 3645 1019 3650 v
