2636 3952
315 167 400 223 NA'P.
419 165 512 220 HIST.
532 167 555 219 X
575 173 682 222 56-60
702 167 828 236 (tt—to)
1018 167 1089 230 197.

64 314 185 394 quidem
219 315 371 376 interdum
404 315 483 376 binis
516 314 670 376 mensibus
703 323 789 375 terna
825 315 956 376 educunt
992 317 1081 394 paria.

63 421 193 482 namque
213 419 303 466 xvnl
323 405 370 464 die
394 403 557 464 excludunt
580 406 738 483 statimqne
762 405 942 484 concipiunt.
990 421 1081 482 quare

63 495 144 553 inter
167 491 264 574 pullos
288 511 379 572 saepe
403 509 456 552 ova
479 494 673 553 inveniuntur
703 501 732 553 et
760 491 808 552 alii
837 492 1006 573 provolant,
1034 491 1082 553 alli

64 587 235 661 erumpunt
289 583 347 660 ipsi
376 581 483 642 deinde
513 580 586 660 pulli
617 583 898 660 quinquemenstres
930 581 1081 642 fetificant.

38 671 199 748 eclipses
223 678 324 730 autem
346 671 426 730 inter
450 689 495 751 se,
523 671 548 729 si
572 687 635 730 mas
663 687 723 730 non
747 672 798 750 sit,
827 669 954 730 feminae
987 680 1134 748 aequetoo

66 756 188 838 saliunt,
220 761 400 837 pariuntque
424 775 477 818 ova
506 759 595 818 inrita
627 777 664 818 ex
696 757 805 838 quibus
837 757 910 818 nibil
943 760 1083 838 gignitur,

67 863 141 924 quae
165 846 340 925 hypenemia
364 845 468 907 Graeci
492 843 606 907 vocant.

134 929 193 996 59.
230 934 308 994 Pavo
341 937 501 996 atrimatu
529 937 615 1013 parit.
665 937 761 1014 primo
789 953 866 995 anno
894 951 988 996 unum
1020 943 1071 995 aut
1082 943 1132 995 161

66 1023 193 1083 alterum
212 1041 309 1104 ovum,
332 1026 469 1102 sequenti
488 1032 631 1102 quaterna
651 1027 786 1105 quinave,
810 1025 919 1084 ceteris
939 1023 1083 1100 duodena,

28 1127 126 1171 1onon
150 1112 285 1192 amplius,
308 1115 508 1173 intermittens
526 1111 614 1172 binos
632 1112 697 1173 dies
716 1120 854 1173 ternosve
877 1115 964 1192 parit,
988 1119 1018 1171 et
1036 1121 1082 1170 ter

67 1218 157 1282 anno,
187 1203 212 1260 si
240 1201 355 1280 gallinis
383 1199 568 1262 subiciantur
596 1201 771 1263 incubanda.
816 1219 914 1262 mares
942 1219 976 1260 ea
1005 1201 1082 1260 lian-

67 1298 141 1367 gunt
164 1287 312 1349 desiderio
334 1288 548 1351 incubantium.
585 1299 767 1371 quapropter
790 1297 882 1351 noctu
905 1296 936 1349 et
958 1291 990 1349 in
1012 1289 1082 1348 late-

67 1378 130 1437 bris
153 1380 274 1456 pariunt
297 1381 401 1439 autin
426 1378 543 1439 excelso
566 1377 723 1460 cubantes,
751 1388 782 1440 et
804 1381 862 1439 nisi
885 1377 966 1438 molli
989 1383 1082 1437 strato

67 1474 190 1548 excepta
205 1467 392 1546 franguntur.
416 1485 513 1528 mares
533 1468 642 1546 singuli
661 1470 759 1548 quinis
779 1469 932 1529 sulliciunt
951 1467 1082 1544 coniugi·

29 1569 54 1608 1⁵
69 1555 133 1615 bns.
171 1573 240 1615 cum
259 1555 392 1635 singulae
411 1564 462 1616 aut
479 1555 566 1617 binae
589 1557 685 1639 fuere,
707 1558 910 1636 corrumpitur
933 1555 1083 1615 salacitate

69 1643 243 1706 fecunditas.
280 1652 384 1724 partus
409 1645 578 1706 excluditur
605 1645 711 1706 diebus
734 1653 781 1708 ter
804 1646 927 1705 novenis
951 1651 1001 1704 aut
1024 1651 1082 1703 tar·

69 1732 136 1792 dius
159 1734 340 1794 tricensimo.
999 1765 1002 1770 ·

138 1820 265 1882 Anseres
287 1824 318 1881 in
342 1840 418 1901 aqua
442 1831 564 1903 coeunt,
591 1824 712 1902 pariunt
733 1841 803 1884 vere
827 1831 891 1904 aut,
921 1823 946 1882 si
971 1820 1136 1882 brumales

71 1909 181 1990 colere,
208 1918 276 1988 post
304 1911 477 1991 solstitium,
505 1925 551 1971 xb
575 1929 682 1992 prope,
710 1911 756 1972 bis
784 1929 875 1993 anno,
903 1911 929 1970 si
952 1912 1082 1988 priorem

28 1997 162 2057 rosetum
186 1997 309 2076 gallinae
333 1999 503 2080 excludant,
526 1998 596 2060 alias
618 1999 746 2079 plurima
769 2016 822 2059 ova
846 1998 989 2078 sedecim,
1012 2013 1083 2075 pau·

69 2087 188 2146 cissima
207 2095 329 2166 septem.
358 2091 383 2148 si
402 2090 454 2168 qui
473 2087 627 2168 subripiat,
644 2091 766 2168 pariunt
784 2087 878 2148 donec
897 2093 1084 2164 rumpantur.

69 2174 164 2235 aliena
183 2192 243 2234 non
261 2176 432 2238 excludunt.
459 2175 625 2237 incubanda
645 2176 741 2238 subici
760 2175 951 2237 utilissimum
971 2186 1137 2235 novem163

69 2270 120 2323 aut
152 2263 299 2326 undecim.
349 2265 492 2326 incubant
520 2265 645 2326 iendnae
673 2273 788 2326 tantum
818 2265 941 2324 tricenis
971 2260 1086 2342 diebuS,

69 2354 94 2411 si
123 2369 193 2412 vero
222 2353 384 2432 tepidiores
413 2355 485 2434 sint,
514 2369 595 2415 xxv.
641 2353 731 2432 pullis
759 2371 862 2414 eorum
890 2353 987 2411 urtica
1015 2367 1084 2410 con·

25 2457 51 2496 rs
69 2448 150 2500 tactu
174 2443 336 2524 mortifera,
359 2460 414 2504 nec
438 2445 537 2504 minus
560 2443 695 2524 aviditas,
724 2460 804 2502 mmo
828 2443 963 2502 satietate
987 2440 1086 2519 niniia,

69 2546 149 2592 nimo
178 2539 294 2591 suamet
316 2533 357 2612 vi,
386 2531 502 2610 quando
525 2531 709 2611 adprehensa
738 2531 835 2591 radice
864 2546 967 2591 morsu
998 2545 1085 2606 saepe

69 2625 212 2678 conantes
239 2618 365 2680 avellere
399 2628 466 2681 ante
495 2619 568 2680 colla
591 2638 645 2680 sua
669 2620 857 2698 abrumpunt.
904 2624 1007 2678 contra
1036 2633 1085 2676 ur·

68 2708 159 2766 ticam
183 2707 348 2768 remedium
372 2717 418 2768 est
441 2717 603 2769 stramento
627 2709 663 2769 ab
691 2707 828 2770 incubitu
856 2705 975 2768 subdita
1002 2704 1085 2765 radix

72 2811 184 2856 eartrm.
831 2805 834 2810 '

25 2899 53 2939 so
138 2878 197 2946 oo.
230 2883 417 2946 Ardiolarum
445 2888 501 2946 tria
524 2903 647 2965 genera:
674 2886 795 2967 letrcou,
818 2885 953 2964 asterius,
976 2881 1140 2963 pellectus

69 2972 101 3029 bi
124 2973 155 3031 in
179 2974 260 3032 coitu
283 2981 441 3052 anguntur.
478 2991 575 3035 mares
598 2974 719 3054 quidem
742 2993 811 3036 cum
834 2973 997 3034 vociferatu
1021 2989 1085 3031 san·

69 3062 191 3138 guinem
222 3063 311 3121 etiam
341 3079 376 3122 ex
407 3061 502 3123 oculis
534 3063 728 3142 profundunt.
778 3082 834 3124 nec
867 3063 966 3122 minus
999 3077 1086 3138 aegre

68 3151 191 3228 pariunt
213 3149 358 3228 gravidae.
404 3150 501 3230 aquila
524 3154 648 3213 tricenis
671 3151 776 3213 diebus
799 3149 933 3233 incubat,
962 3158 992 3210 et
1015 3149 1139 3211 iere165

68 3240 199 3298 maiores
226 3238 326 3321 alites,
358 3242 490 3300 minores
517 3243 644 3321 vicenis,
674 3249 708 3302 ut
737 3239 846 3301 miluus
877 3247 907 3300 et
936 3239 1086 3316 accipiter.

66 3403 284 3414 .----··--—--·——n--

144 3496 479 3556 leducantrilteoorr.
562 3507 676 3570 3saepc
689 3517 714 3554 o.
734 3514 799 3570 sepe
813 3497 889 3551 1²2².
918 3513 967 3552 om.
982 3513 1005 3550 r.

66 3575 104 3625 20
124 3567 196 3622 alias
214 3585 239 3623 u.
263 3569 302 3624 -io
321 3569 363 3625 1⁹.
389 3571 430 3625 -ic
448 3587 471 3626 r.
544 3577 578 3626 24
596 3574 625 3625 te
645 3571 748 3627 idiores
763 3573 807 3624 dc.
828 3569 877 3622 -sis
891 3585 914 3624 r.
987 3571 1020 3620 ab
1035 3579 1086 3618 nee

65 3637 218 3694 watto.
246 3655 281 3694 ne
299 3659 323 3697 r.
397 3647 431 3697 30
450 3641 576 3713 asterius,
594 3589 685 3715 peblos
702 3659 727 3698 o.
757 3638 900 3710 suasperia
917 3636 1013 3708 pelion
1032 3636 1059 3688 ll.

671 3890 685 3920 Ο
