2624 3954
218 133 285 200 260
572 130 600 186 O.
620 131 720 189 PLINI
739 130 897 188 SECUNDI

219 292 250 347 et
276 285 308 346 in
335 281 468 344 maribus
496 290 526 344 et
552 283 584 342 in
611 283 745 363 leminis,
772 291 933 344 senescunt
961 300 1081 363 quoque
1109 283 1237 346 celerius

165 380 217 430 213
227 373 428 454 praepinguia.
474 369 612 433 omnibus
635 370 811 433 animalibus
833 378 881 433 est
908 372 1056 451 quoddam
1082 375 1115 434 in
1143 373 1237 436 oculis

218 465 337 542 pingue.
369 461 453 541 adips
477 463 595 522 cunctis
618 463 682 522 sine
706 479 806 541 sensu,
830 463 900 540 quia
922 479 978 522 nec
1000 464 1127 524 arterias
1148 462 1238 524 habet

218 569 274 612 nec
293 569 393 614 venas.
424 550 576 630 plerisque
600 549 772 612 animalium
794 556 825 611 et
847 551 1025 630 pinguitudo
1049 553 1114 612 sine
1137 570 1237 634 sensu,
1305 599 1306 602 ,

218 658 308 720 quam
326 639 364 700 ob
383 656 504 702 causam
522 657 593 701 sues
611 641 759 718 spirantes
778 656 794 699 a
813 636 949 700 muribus
963 640 1087 702 madunt
1104 640 1236 704 adrosos.
1252 655 1266 696 5

219 731 292 808 quin
323 736 354 790 et
380 728 413 790 L.
441 729 553 808 Aproni
582 727 748 789 consularis
778 729 834 788 viri
863 727 925 789 [ilio
955 729 1105 791 detractos
1135 729 1238 810 adipes

219 819 410 899 levatumque
435 835 545 896 corpus
568 815 703 878 inmobili
726 834 826 878 onere.
1304 825 1306 862 i

165 913 219 964 214
287 900 362 990 (86)
392 906 519 970 Medulla
541 924 578 967 ex
602 907 707 967 eodem
729 906 847 968 videtur
875 923 955 988 csse,
982 908 1014 968 in
1041 909 1161 968 iuventa
1187 926 1237 968 ru·

218 996 306 1079 bens,
332 999 364 1057 in
388 1003 508 1058 senecta
536 993 698 1057 albescens.
744 1013 805 1056 non
832 996 891 1056 nisi
913 997 991 1056 cavis
1014 995 1087 1056 haec
1110 995 1239 1077 ossibus,

218 1104 274 1147 nec
304 1085 445 1146 cruribus
472 1087 675 1147 iumentorum
702 1092 753 1147 aut
782 1101 901 1166 canum,
934 1102 1026 1163 quare
1055 1085 1147 1146 fracta
1176 1103 1239 1146 non
1256 1101 1284 1140 ιο

218 1175 452 1255 feruminantur,
475 1174 555 1253 quod
579 1171 727 1234 defluente
756 1175 855 1234 evenit
882 1172 1018 1234 medulla.
1064 1181 1112 1237 est
1138 1181 1240 1235 autem
1305 1195 1306 1246 l

179 1299 182 1308 =
218 1265 399 1343 pinguisiis
423 1261 533 1341 quibus
556 1261 649 1342 adips,
673 1261 780 1322 sebosa
802 1263 981 1344 cornigeris,
1001 1280 1131 1328 ,nervosa
1153 1270 1185 1326 et
1207 1265 1240 1324 in

218 1355 303 1432 spina
322 1360 438 1414 tantum
456 1350 538 1411 dorsi
557 1369 624 1412 ossa
642 1368 703 1412 non
721 1349 909 1433 habentibus,
926 1358 961 1412 ut
979 1353 1107 1431 piscium
1124 1355 1241 1435 generi,

218 1443 298 1502 ursis
322 1440 411 1521 nulla,
432 1439 512 1501 leoni
535 1441 566 1500 in
590 1440 733 1501 seminum
753 1449 783 1500 ct
801 1438 1010 1517 bracchiorum
1029 1439 1148 1502 ossibus
1166 1459 1240 1520 pau·

219 1532 263 1591 cis
282 1531 388 1610 exigua
406 1528 574 1610 admodum,
597 1536 698 1590 cetera
716 1536 798 1590 tanta
821 1528 930 1590 duritia
953 1537 987 1590 ut
1008 1530 1086 1608 ignis
1110 1528 1239 1591 elidatur
1254 1545 1282 1585 15

219 1617 301 1680 velut
322 1635 340 1678 e
364 1617 456 1680 sihee.

167 1713 220 1764 tlt
288 1699 363 1789 (87)
386 1705 425 1770 llt
447 1707 494 1768 his
517 1707 594 1768 dura
616 1724 691 1785 quae
716 1723 776 1766 non
793 1707 1004 1788 pinguescunt,
1026 1707 1179 1768 asinorum
1201 1708 1239 1768 ad

218 1795 310 1858 tibias
338 1813 455 1858 canora.
500 1794 649 1875 delphinis
676 1813 757 1877 ossa,
787 1812 847 1856 non
877 1796 994 1877 spinae,
1023 1795 1131 1857 animai
1158 1798 1238 1857 enim
1305 1817 1306 1864 l

217 1887 346 1965 pariunt.
392 1883 584 1964 serpentibus
614 1885 725 1963 spinae.
775 1883 950 1963 aquatilium
979 1883 1118 1946 mollibus
1148 1883 1237 1964 nulla,
1305 1865 1306 1937 l

219 1975 272 2036 sed
295 1991 405 2054 corpus
424 1973 546 2036 circulis
569 1974 668 2034 carnis
690 1975 831 2054 vinctum,
854 1979 888 2034 ut
910 1975 1027 2053 saepiae
1050 1981 1138 2053 atque
1159 1971 1234 2034 lolli·
1251 1988 1281 2028 so

218 2065 289 2142 gini.
340 2070 371 2125 et
400 2064 524 2126 insectis
554 2070 680 2142 negatur
710 2079 803 2141 aeque
834 2078 901 2122 esse
930 2061 998 2124 ulla.
1051 2061 1241 2142 cartilaginea

219 2152 392 2231 aquatilium
414 2151 526 2212 habent
552 2150 711 2212 medullam
739 2153 773 2212 iu
800 2152 898 2232 spina,
925 2150 1010 2212 vituli
1039 2153 1146 2212 marini
1176 2169 1242 2212 car·

165 2241 394 2323 altulaginem,
427 2259 488 2302 non
514 2258 590 2302 ossa.
642 2241 715 2302 item
741 2240 876 2300 omnium
907 2239 1057 2301 auriculae
1085 2258 1120 2302 ac
1152 2258 1244 2301 nares

219 2347 295 2410 quae
312 2330 402 2391 modo
425 2331 558 2390 eminent
579 2328 671 2390 flexili
694 2327 826 2410 mollitia,
849 2333 972 2390 naturae
990 2329 1177 2408 providentia
1202 2348 1243 2392 ne

220 2420 440 2498 lrangerentur.
485 2417 626 2497 cartilago
649 2424 738 2497 rupta
760 2435 820 2478 non
844 2416 1004 2499 solidescit,
1027 2435 1083 2478 nec
1105 2419 1244 2498 praecisa
1258 2433 1281 2472 25

269 2624 358 2678 ¹lin
380 2624 575 2679 maribus-2
594 2623 711 2695 praepin
752 2623 760 2636 ⁰
796 2627 881 2678 llio.
903 2639 955 2678 orn.
973 2640 996 2680 r.
1095 2629 1244 2694 lqnoqne

219 2702 255 2754 Ι.
285 2711 339 2765 qus
358 2696 468 2755 BBrotss
495 2695 698 2752 cm.edd.ante
710 2640 790 2750 pepp,
880 2697 946 2750 tet
962 2700 1019 2750 1⁸.
1049 2697 1154 2752 estro.

220 2772 236 2822 t
257 2765 395 2838 spirantes
412 2773 465 2823 lto.
498 2765 659 2836 spiritantes
677 2771 713 2821 Ι.
740 2766 791 2834 cfr.
811 2767 863 2821 luc.
882 2769 919 2821 94
936 2783 964 2820 n.
984 2771 1029 2822 58.
1058 2765 1201 2837 spirantur
1218 2784 1244 2824 r.

292 2838 499 2894 emedullal.
527 2839 557 2893 et
569 2837 646 2892 med·
660 2854 704 2894 ro.
725 2836 730 2908 Ι
749 2837 859 2893 inded.
868 2836 938 2893 Bas.
957 2853 1008 2893 orn.
1021 2853 1045 2892 r.
1074 2838 1245 2895 aeddoett.

221 2909 362 2982 liunenta
374 2914 449 2967 ndo.
479 2925 525 2964 -ea
538 2914 568 2964 Ι).
598 2925 682 2964 eon.
709 2908 851 2964 inmeritae
864 2913 900 2964 Ι.
973 2907 1137 2965 tinnit
1163 2910 1246 2966 etin

219 2979 316 3052 hoff).
391 2987 423 3036 11
444 2979 583 3036 defluente
601 2984 676 3036 ndo.
705 2979 795 3036 defm·
813 2985 849 3036 Ι.
878 2979 944 3034 eflu-
958 2986 1010 3038 na.
1085 2979 1245 3036 ltiisno.
1303 3029 1304 3048 ,

220 3053 244 3108 is
262 3059 294 3108 n.
321 3052 366 3108 his
385 3056 431 3109 cd.
460 3052 544 3106 inl.
635 3057 668 3106 15
693 3052 787 3106 cetere.
804 3055 850 3105 nd
867 3051 946 3117 (sunt
963 3050 1246 3120 addoodsthiffil).
1303 3049 1304 3124 2

221 3126 285 3182 cete
304 3124 341 3179 sit
358 3130 388 3179 Ι).
418 3125 496 3179 cetus
513 3122 544 3180 in
561 3140 586 3179 ι.
621 3122 721 3178 ceteris
739 3121 815 3178 enim
833 3123 877 3177 est
894 3122 954 3178 edd.
968 3127 1033 3178 oete
1046 3121 1105 3179 Get.
1129 3124 1134 3192 Ι
1158 3125 1248 3178 tantu
1303 3139 1304 3194 l

220 3201 252 3252 n.
279 3199 283 3264 Ι
308 3194 413 3252 denda
429 3193 541 3264 ⁸(ildc.
570 3193 711 3250 ndurieiae
728 3191 802 3264 lili).
830 3192 985 3248 aednritine
1002 3198 1035 3248 R.
1062 3194 1179 3262 fortasse
1198 3211 1247 3250 ee·
1303 3197 1304 3284 l

221 3267 288 3324 teris
302 3267 382 3322 tanta
400 3265 505 3320 nunna
522 3265 588 3332 (abl.
602 3266 679 3333 aba).
708 3281 748 3320 on
765 3263 866 3322 ceteris
884 3265 995 3322 tautum
1013 3267 1057 3320 est
1074 3263 1221 3320 dantiae?
1242 3267 1246 3336 l

221 3340 346 3395 utillo.
373 3343 440 3394 nn.
469 3339 500 3392 et
516 3336 720 3405 n.lelidantur
737 3341 768 3392 B.
842 3341 876 3392 16
895 3351 910 3390 e
929 3351 980 3392 om.
999 3355 1024 3394 a
1098 3341 1186 3392 16.Ιῖ
1208 3337 1249 3392 si-

221 3409 284 3468 lice.
304 3408 384 3466 nen.
409 3408 478 3464 dcet
489 3413 543 3462 lit
567 3407 621 3463 dee
635 3425 661 3461 ι.
734 3411 768 3462 18
783 3407 868 3464 tibias
880 3407 921 3462 cd.
935 3406 1003 3463 Boc.
1028 3408 1080 3476 cfr.
1094 3409 1170 3460 XVI
1172 3412 1249 3467 172.

221 3481 305 3534 tubas
324 3481 353 3536 11.
367 3480 427 3538 edd.
441 3484 502 3536 cett.
602 3485 635 3534 21
659 3480 800 3550 negantur
816 3482 848 3534 B.
876 3480 990 3550 regetur
1003 3497 1028 3536 ι
1053 3480 1058 3547 Ι
1083 3491 1173 3548 aeque
1187 3483 1248 3536 Bc.

223 3549 313 3618 adque
331 3558 361 3608 Ι).
390 3553 540 3619 sequena
561 3551 566 3620 Ι
587 3550 772 3621 cartilaginea
789 3567 813 3608 o.
844 3549 923 3620 gana
940 3555 992 3608 lto.
1020 3567 1068 3620 -go
1086 3549 1152 3608 Ν
1182 3551 1250 3606 nni-

223 3619 309 3674 malia
326 3621 369 3679 3².
398 3622 451 3678 -lia'r
469 3621 514 3678 ι’.
586 3627 621 3678 23
640 3621 763 3678 oriculae
781 3629 832 3680 no.
