2620 3948
328 124 411 177 NAT.
431 123 523 177 Hrsr.
542 123 607 176 vm
626 129 730 176 44-45
752 122 877 190 (ae-ro)
1064 119 1106 182 99

89 275 236 355 lacerent,
265 273 344 352 quod
368 273 528 333 derelictus
557 280 676 332 senecta
704 272 875 332 scandentia
899 273 1031 330 iumenta
1058 287 1106 330 co-

87 364 195 423 mitatu
217 365 346 440 nisuque
371 361 587 442 exhortaretur,
611 361 765 421 decretum
788 361 886 420 iecere
915 377 951 418 nc
976 359 1106 419 irumen-

87 453 159 511 tarii
182 452 382 530 negotiatores
405 449 442 510 ah
466 450 657 511 incerniculis
681 468 748 509 eum
772 458 917 514 arcerent

160 533 218 600 45.
244 533 317 621 (70)
353 538 456 599 Bubus
479 538 589 599 lndicis
613 539 793 599 cantelorum
817 537 939 598 altitudo
963 538 1098 617 traditur,
1111 553 1160 601 176

55 645 70 682 c
89 646 205 688 cornua
227 631 258 688 in
278 627 462 688 latitudinem
483 635 696 706 quaternorum
714 626 832 706 pedum.
863 630 893 686 in
912 634 1015 686 nostro
1035 625 1107 685 orbe

87 716 253 795 Epiroticis
276 716 340 776 laus
359 719 484 776 maxima
507 716 652 797 aPyrrhi,
676 724 709 776 ut
728 717 837 794 icrunt,
860 719 917 776 iam
939 716 1008 775 inde
1029 717 1108 792 regis

89 823 173 864 cura.
204 805 233 864 id
257 813 436 865 consecutus
460 812 506 864 est
530 823 589 864 non
613 813 680 864 ante
705 805 921 883 quadrimatum
946 803 982 862 ad
1005 811 1108 882 partus

88 893 233 954 vocando.
278 894 478 972 praegrandes
502 896 601 972 itaque
624 894 708 953 luere
738 900 768 953 et
790 892 937 971 hodieque
966 893 1108 970 reliquiae

88 984 232 1062 stirpium
256 981 371 1042 durant.
414 991 443 1042 at
467 1001 546 1042 nunc
570 982 722 1042 anniculae
747 981 959 1042 secunditatem
981 995 1108 1058 poscun-

44 1088 72 1128 ιο
91 1079 152 1152 tur,
178 1070 353 1131 tolerantius
372 1078 470 1130 tamen
489 1071 594 1152 bimae,
617 1073 695 1130 tauri
714 1073 934 1149 generationem
954 1068 1109 1147 quadrimi.

88 1159 207 1238 inplent
231 1160 339 1238 singuli
362 1159 454 1220 denas
478 1161 582 1220 eodem
605 1178 690 1219 anno.
728 1160 863 1238 tradunt,
887 1161 912 1218 si
936 1177 951 1216 a
975 1160 1055 1216 coitu
1079 1159 1110 1216 in

89 1248 245 1307 dexteram
272 1255 388 1326 partem
416 1248 521 1310 abeant
545 1251 635 1329 tauri,
666 1256 823 1326 generatos
851 1266 947 1308 mares
975 1265 1054 1326 esse,
1085 1247 1110 1304 si

88 1339 122 1396 in
147 1336 272 1417 laevam,
295 1337 428 1397 seminas.
475 1340 630 1417 conceptio
653 1356 713 1397 uno
737 1339 814 1397 initu
836 1337 1002 1415 peragitur,
1024 1353 1100 1413 quae
1113 1346 1163 1395 177

90 1428 119 1485 si
142 1425 220 1486 sorte
243 1427 421 1506 pererravit,
451 1441 500 1486 xx
523 1435 590 1505 post
614 1426 693 1486 diem
721 1443 833 1486 marem
856 1426 965 1485 femina
993 1426 1111 1502 repetit.

47 1531 73 1568 15
88 1516 214 1593 pariunt
237 1532 338 1574 mense
358 1529 390 1574 x.
422 1515 562 1593 quicquid
587 1522 654 1575 ante
673 1517 807 1593 genitum
829 1513 933 1573 inutile
954 1521 1007 1572 est.
1041 1519 1111 1573 sunt

90 1609 232 1662 auctores
268 1605 332 1681 ipso
365 1602 532 1682 complente
568 1604 716 1664 dec-imum
749 1620 882 1664 mensem
916 1602 963 1661 die
996 1619 1110 1680 parere.

91 1694 219 1770 gignunt
243 1709 310 1750 raro
334 1693 475 1770 geminos.
509 1695 605 1753 coitus
628 1712 645 1751 a
668 1693 799 1771 delphini
823 1699 928 1750 exortu
952 1709 977 1749 a.
1001 1689 1028 1748 d.
1051 1691 1111 1769 pri-

91 1780 141 1840 die
171 1798 264 1840 nonas
287 1778 437 1840 lanuarias
465 1780 571 1841 diebus
599 1783 734 1861 triginta,
767 1781 873 1859 aliquis
901 1787 931 1838 et
959 1785 1112 1858 atrtumno,

92 1867 234 1946 gentihus
253 1868 373 1946 quidem
392 1887 467 1947 quae
486 1869 562 1929 lacte
581 1872 683 1929 vivunt
705 1872 746 1929 ita
765 1868 954 1947 dispensatus
978 1876 1012 1927 ut
1031 1869 1112 1926 omni

50 1972 77 2009 20
91 1964 229 2034 tempore
257 1959 327 2017 anni
354 1959 486 2037 supersit
515 1958 545 2018 id
573 1957 753 2018 alimentum.
799 1959 878 2017 tauri
906 1974 964 2015 non
994 1958 1112 2034 saepius

59 2033 65 2048 ⁸
93 2063 185 2122 quam
207 2044 253 2104 bis
276 2045 323 2104 die
346 2047 460 2106 ineunt.
499 2044 589 2106 boves
613 2045 783 2106 animalium
807 2043 861 2104 soli
884 2053 914 2104 et
937 2051 1018 2103 retro
1043 2054 1166 2102 amris

92 2132 231 2193 halantes
254 2142 427 2216 pascuntur,
458 2134 535 2213 apud
559 2134 750 2194 Garamantas
774 2133 893 2211 quidem
916 2132 995 2191 haud
1020 2131 1113 2192 aliter.

92 2224 154 2282 vita
177 2221 295 2282 leminis
318 2237 366 2282 xv
389 2226 474 2283 annis
496 2222 680 2304 longissima,
708 2221 840 2282 marihus
863 2235 921 2280 xx.
967 2219 1060 2280 robur
1083 2223 1113 2279 in

93 2313 331 2389 quinquennatu.
385 2310 528 2372 lavatione
571 2312 680 2372 calidae
723 2329 814 2390 aquae
852 2309 1012 2369 traduntur
1047 2310 1113 2388 pin·

54 2412 79 2450 ²⁵
94 2417 253 2479 gnoscere,
286 2408 316 2459 et
345 2401 370 2459 si
401 2402 468 2479 quis
498 2402 591 2460 incisa
621 2409 689 2461 cute
720 2401 858 2479 spiritum
885 2397 1052 2458 harundine
1082 2399 1115 2456 in

94 2490 210 2548 viscera
238 2487 341 2566 adigat.
388 2506 447 2547 non
476 2489 640 2567 degeneres
671 2487 857 2549 existimandi
886 2488 975 2547 etiam
1006 2489 1167 2548 minuslte

94 2576 214 2636 laudato
237 2584 368 2655 aspectu.
398 2576 560 2654 plurimum
582 2579 666 2638 lactis
690 2577 803 2656 Alpinis
826 2576 934 2654 quihus
954 2577 1115 2636 minimum

96 2667 245 2746 corporis,
281 2665 443 2743 plurimum
470 2664 579 2726 laboris
599 2669 718 2747 capite,
750 2684 810 2725 non
838 2668 962 2746 cervice,
994 2667 1114 2725 iunctis.

98 2751 226 2832 Syriacis
256 2772 316 2813 non
347 2761 416 2815 sunt
443 2753 579 2835 palearia,
608 2755 660 2816 sed
688 2752 793 2832 gibber
820 2755 850 2812 in
875 2753 971 2813 dorso.
1019 2752 1115 2814 Carici

60 2851 84 2891 3⁰
98 2859 217 2920 quoque
244 2845 276 2900 in
302 2850 386 2921 parte
411 2841 496 2903 Asiae
524 2842 603 2903 foedi
631 2845 696 2903 visu
724 2841 829 2902 tubere
859 2860 949 2921 super
977 2859 1075 2902 armos
1099 2861 1116 2902 a

99 2929 264 2991 cervicibus
288 2931 446 3012 eminente,
469 2931 576 2993 luxatis
601 2930 751 3011 cornibus,
775 2930 953 2991 excellentes
973 2932 1115 3008 inopere

100 3027 266 3099 narrantur,
289 3028 390 3080 cetero
414 3022 491 3098 nigri
515 3021 623 3081 coloris
647 3019 799 3081 candidive
824 3019 859 3078 ad
880 3017 1011 3078 laborem
1036 3018 1114 3078 dam·

172 3246 320 3299 lsenecta
337 3260 360 3298 a.
391 3245 462 3297 -ctas
480 3242 559 3298 ΒΨ.
589 3247 661 3297 -ctus
679 3244 723 3296 12¹.
748 3259 798 3297 om.
818 3242 855 3295 11¹.
884 3245 943 3296 -ctu
960 3257 983 3296 r.
1008 3246 1012 3311 Ι
1037 3259 1115 3296 scan-

103 3313 195 3368 dentia
217 3314 254 3368 οἳ.
283 3313 413 3369 cadentia
435 3314 502 3367 ivd.
531 3314 608 3368 scad-
627 3331 650 3368 r.
741 3318 757 3366 8
781 3313 859 3367 fuere
878 3312 915 3365 α’.
943 3312 1002 3366 fere
1021 3331 1044 3366 r.

104 3384 219 3440 edures
236 3385 302 3438 B¹d.
377 3391 407 3439 11
428 3385 538 3455 inplent
554 3384 584 3438 id
602 3385 638 3438 ι’.
663 3388 666 3452 Ι
688 3383 838 3438 traduntur
855 3401 880 3436 a.
903 3386 907 3451 1
931 3383 1039 3438 aDetl.
1068 3385 1118 3436 aut

105 3454 139 3508 2².
170 3458 265 3510 eutem
286 3473 309 3510 r.
345 3458 348 3524 l
384 3455 489 3510 coitum
511 3460 563 3509 122.
596 3457 661 3525 post
684 3455 788 3509 coitum
812 3459 857 3508 do.
963 3459 996 3508 16
1020 3467 1116 3507 menae

105 3527 217 3580 nmo.
252 3529 256 3595 Ι
290 3525 335 3580 die
359 3526 416 3581 Get.
461 3526 536 3581 diem
560 3527 587 3582 u.
624 3526 694 3581 duos
719 3525 777 3581 edd.
797 3529 857 3580 vett.
958 3529 991 3577 29
1018 3523 1118 3592 gigber

105 3597 154 3651 lli.
186 3600 191 3665 Ι
225 3597 308 3652 dorso
331 3602 377 3651 ad.
411 3615 455 3652 -su
477 3597 519 3652 1¹.
557 3615 630 3652 -sum
648 3615 671 3652 r.

921 3680 956 3732 q*
