2610 3960
191 124 258 192 280
549 125 579 181 O.
594 124 696 184 ,PLINI
715 123 872 180 sonuum

192 293 301 354 genera
329 273 409 336 silvis
437 293 471 336 ac
498 293 552 338 sua
580 277 701 338 numina
728 282 879 354 tamquam
907 291 924 336 e
954 272 1035 336 caelo
1064 274 1221 338 attributa

156 378 173 426 4
192 364 350 426 credimus.
395 362 517 426 arbores
539 372 644 446 postea
665 361 869 426 blandioribus
891 362 977 444 fruge
1005 365 1087 426 sucis
1113 363 1218 428 homi·

191 471 260 514 nem
293 454 473 534 mitigavere.
526 473 563 516 cx
595 453 642 516 bis
676 469 817 516 recreans
850 451 983 538 membra
1017 452 1076 515 olei
1108 452 1218 534 liquor

190 543 329 622 viresque
352 549 442 624 potus
465 543 539 626 vini,
566 539 611 604 toi
634 542 763 622 denique
787 559 909 621 sapores
932 543 1001 616 anni
1024 549 1133 622 sponte
1159 561 1215 604 ve·

190 633 308 693 nientes
341 639 370 692 ct
398 649 532 713 mensae,
563 632 751 712 depugnetur
779 629 849 692 licet
881 648 989 692 earum.
1016 648 1106 692 causa
1139 642 1246 694 cum⁵

190 721 263 781 ieris
292 726 322 780 et
348 721 426 800 pasti
452 720 664 800 naufragorum
692 717 868 800 corporibus
895 721 994 799 pisces
1021 727 1215 804 expetantur,

155 811 279 870 setiam
308 827 388 870 nunc
416 817 515 870 tamen
543 809 699 871 secrrndae.
746 808 825 870 mille
853 816 1008 888 praeterea
1036 816 1107 870 sunt
1134 827 1213 871 usus

191 916 293 959 earnm
321 899 385 959 sine
413 900 481 978 quis
507 899 566 960 vita
594 897 661 978 degi
687 916 748 960 non
775 898 878 977 possit,
923 896 1030 958 arbore
1058 897 1214 960 sulcamus

191 989 283 1050 maria
310 993 465 1068 terrasque
494 986 697 1068 admovemus,
729 984 835 1047 arbore
866 985 1092 1049 exaedificamus
1121 994 1212 1050 tecta.

191 1075 315 1136 arborea
337 1083 369 1137 et
391 1075 548 1138 simulacra
574 1078 732 1137 numinum
759 1076 844 1136 luere
871 1075 1005 1138 nondum
1031 1077 1129 1154 pretio
1158 1088 1257 1136 ex÷1⁰

191 1167 318 1245 cogitato
349 1163 506 1226 beluarum
535 1162 686 1246 cadaveri,
722 1171 810 1243 atque
840 1171 875 1224 ιιι
905 1182 921 1224 a
951 1164 1007 1225 diis
1039 1171 1108 1225 nato
1141 1167 1211 1227 iure

190 1253 325 1315 luxuriae
353 1254 459 1316 eodem
486 1252 576 1314 ebore
604 1254 760 1320 numinum
788 1269 840 1312 ora
867 1260 1040 1332 spectantur
1068 1260 1098 1314 et
1125 1271 1210 1315 men·

78 1397 82 1407 .
191 1361 291 1403 sarum
322 1342 422 1422 pedes
471 1342 603 1422 produnt
635 1340 758 1422 alpibus
790 1343 935 1403 coercitas
967 1351 998 1402 et
1029 1349 1094 1403 turn
1125 1343 1210 1403 inex-

191 1430 352 1512 superabili
374 1432 559 1504 munimcnto
584 1429 700 1512 Gallias,
722 1430 798 1491 hanc
820 1432 951 1510 primum
974 1429 1114 1492 habuisse
1137 1449 1208 1492 cau-

191 1539 252 1581 sam
284 1518 520 1600 superfundendi
549 1539 581 1581 se
611 1517 724 1601 ltaliae,
757 1519 836 1599 quod
865 1517 968 1580 Helico
999 1538 1036 1580 ex
1064 1516 1210 1582 Helvetiis
1223 1531 1253 1574 1⁵

190 1609 263 1668 civis
287 1626 389 1669 earnm
412 1606 548 1669 fabrilem
571 1607 608 1668 ob
633 1615 728 1670 artem
751 1607 862 1669 Romae
890 1615 1090 1670 commoratus
1117 1609 1209 1670 licum

190 1697 300 1757 siccam
323 1704 353 1759 et
375 1715 462 1758 uvam
485 1696 603 1777 oleique
626 1716 660 1759 ac
683 1699 744 1758 vini
766 1699 912 1776 promissa
940 1713 1076 1759 remeans
1104 1715 1209 1760 secum

189 1784 315 1846 tulisset.
361 1794 543 1866 quapropter
564 1786 639 1847 haec
662 1785 708 1847 vel
730 1784 984 1865 belloquaesisse
1007 1787 1092 1847 venia
1115 1789 1162 1848 sit.

142 1887 171 1936 ιι
258 1867 309 1958 (3)
339 1873 397 1935 Sed
421 1876 489 1954 quis
512 1893 573 1935 non
595 1877 661 1936 iure
685 1877 811 1936 miretur
835 1873 973 1935 arborem
994 1873 1117 1936 umbrae
1141 1893 1207 1956 gra·

189 1965 230 2024 tia
258 1969 375 2026 tantum
404 1983 440 2024 ex
470 1963 565 2025 alieno
592 1966 715 2044 petitam
746 1959 844 2024 orbe?
883 1962 1019 2045 platanus
1049 1963 1122 2024 baec
1150 1971 1205 2046 est,
1219 1976 1248 2018 ao

189 2070 271 2112 mare
290 2049 408 2114 lonium
425 2049 575 2114 Diomedis
593 2053 691 2114 insula
713 2059 801 2114 tenus
825 2051 960 2114 eiusdem
982 2047 1090 2114 tumuli
1112 2055 1207 2131 gratia

189 2143 319 2222 primum
341 2143 471 2225 invecta,
497 2141 567 2203 inde
589 2143 621 2202 in
646 2140 775 2203 Siciliam
798 2149 984 2222 transgressa
1012 2148 1100 2221 atque
1127 2143 1207 2203 inter

189 2232 301 2311 primas
323 2229 430 2291 donata
453 2229 552 2291 ltaliae
576 2238 607 2291 et
633 2233 691 2290 iam
720 2231 755 2290 ad
783 2229 915 2291 Morinos
943 2233 1041 2309 usque'
1065 2239 1204 2310 pervecta

190 2336 223 2379 ac
246 2319 438 2380 tributarium
466 2321 555 2380 etiam
583 2318 720 2380 detinens
748 2317 858 2401 solum,
887 2328 922 2380 ut
948 2326 1053 2398 gentes
1080 2319 1204 2400 vectigal

155 2415 221 2468 tet
241 2426 297 2487 pro
320 2407 426 2468 umbra
449 2406 588 2487 pendant.
633 2407 791 2488 Dionysius
814 2410 897 2488 prior
920 2405 1038 2468 Siciliae
1061 2416 1203 2491 tyrannus
1217 2420 1244 2462 ιι

189 2495 315 2575 Regium
338 2498 369 2556 in
397 2495 502 2557 urbem
530 2495 683 2558 transtulit
710 2514 760 2557 eas
788 2496 894 2557 domus
922 2514 993 2559 suae
1020 2495 1204 2578 miraculum,

188 2582 241 2644 ubi
268 2591 371 2665 postea
400 2585 510 2646 lactum
537 2587 735 2666 gymnasium
767 2603 823 2646 nec
850 2587 984 2665 potuisse
1010 2586 1042 2646 in
1070 2585 1202 2665 amplitu-

170 2673 288 2733 dinem
317 2691 477 2753 augescere
506 2681 556 2735 aut
583 2673 654 2734 alias
681 2674 774 2735 fuisse
801 2677 832 2734 in
860 2673 943 2735 ltalia
971 2692 1005 2734 ac
1032 2676 1203 2735 nominatim

188 2761 329 2842 Hispania
352 2759 430 2842 apud
454 2769 591 2823 auctores
614 2764 773 2824 invenitur.
822 2783 823 2786 ¹

189 2993 200 3035 x,
261 2969 478 3038 dexpecbantur
494 2968 584 3025 m.
659 2974 693 3024 10
711 2960 908 3040 arborea‘n.
933 2985 974 3024 ·ro
992 2985 1037 3024 ro.
1111 2975 1142 3024 11
1162 2972 1202 3026 ab·

188 3050 243 3108 quc
266 3039 298 3093 ut
316 3039 572 3095 lledoloettBrot.
608 3041 760 3108 antequam
782 3041 815 3094 ιιι
836 3041 875 3096 ed.
890 3040 959 3095 Bos.
989 3056 1037 3110 epo
1057 3041 1151 3096 malim
1173 3044 1202 3097 ab

189 3127 272 3165 nunc.
301 3111 339 3166 od
355 3113 389 3165 ιιι
405 3112 483 3166 semel
501 3116 660 3180 corruptum
673 3116 771 3181 posteo
790 3115 902 3180 optatus
920 3116 958 3166 cot
970 3113 1061 3180 falam
1078 3113 1125 3168 alle
1142 3128 1200 3168 con-

188 3183 328 3238 iunctione
345 3183 546 3252 spectarentur.
620 3187 652 3236 12
673 3183 835 3252 spectantur
852 3186 887 3238 H.
910 3183 1036 3238 -arontur
1053 3199 1097 3238 ro.
1168 3189 1200 3239 tc

188 3251 257 3308 civis
276 3269 327 3310 om.
346 3259 380 3307 1
463 3259 496 3309 tr
515 3253 654 3324 promissa
671 3257 727 3306 Π
735 3253 822 3310 Borb.
833 3254 952 3311 aaran.
980 3271 1024 3309 ·so
1042 3255 1100 3310 cod.
1121 3253 1198 3323 cuin

188 3324 238 3390 cfr.
257 3327 348 3378 XVII
356 3329 426 3381 262.
453 3327 560 3378 XXXI
568 3329 613 3380 46.
628 3329 673 3380 48.
696 3327 786 3380 1189.
815 3328 897 3382 X82.
924 3341 1033 3394 proem-
1051 3342 1096 3381 ro.
1167 3331 1198 3380 20

125 3421 135 3436 ν
187 3396 232 3450 est
249 3395 471 3464 tectoniffm.
500 3397 529 3450 et
545 3401 576 3451 a.
601 3411 652 3450 orn.
670 3412 693 3449 r.
767 3400 801 3450 28
820 3412 971 3467 augescere
988 3402 1024 3450 Ι.
1057 3395 1153 3452 adoles
1168 3403 1196 3453 a.

188 3480 294 3522 -esoere
312 3483 356 3527 ro.
377 3467 382 3536 l
402 3468 453 3521 aut
469 3467 560 3522 Bcod.
571 3465 652 3534 oluff
679 3465 751 3520 haut
767 3471 802 3521 Ι.
830 3469 863 3522 ιιι
874 3484 898 3523 r.
926 3466 1003 3522 haud
1017 3468 1146 3524 eddoett.
1172 3470 1199 3524 ob

188 3535 265 3592 codd.
275 3536 362 3593 Baro.
457 3543 491 3591 29
514 3535 645 3608 hispania
663 3537 721 3590 llo.
750 3543 841 3592 αιιααι
854 3543 1006 3608 putotnre
1026 3539 1157 3608 incepto.
1173 3540 1197 3594 b.

185 3609 226 3679 pl.
241 3610 289 3661 IV
295 3613 349 3678 5,c
368 3607 456 3664 vorbis
470 3608 540 3663 ιααια
552 3607 695 3662 intellectis
712 3607 827 3664 (πανίαν
846 3611 877 3664 δὲ
895 3613 939 3664 και
958 3611 988 3664 ἐν
1009 3600 1103 3680 Ἰταλίᾳ
1121 3611 1195 3681 adep.
