2628 3950
503 135 710 192 PRAEFATIO
881 137 884 147 ’
1028 161 1117 208 xm

98 285 243 346 momenti
265 287 467 365 restituimus,
491 287 611 365 parcius
634 290 751 364 tamen,
774 288 845 363 quia
868 288 949 347 ultro
973 291 1004 348 et
1027 307 1045 346 a
1067 309 1117 348 ne-

98 375 178 434 mine
197 373 269 432 dum
282 374 463 436 demandata
476 395 512 436 ea
525 375 692 452 provincia:
716 377 799 436 atin
812 377 942 436 sacimda
957 374 996 452 [a.
1013 375 1115 453 1530]

97 464 268 524 accuratius
290 464 370 524 idem
398 466 529 542 egimus,
555 463 611 523 sed
638 466 703 524 tum
731 485 847 544 quoquc
875 467 913 525 ob
943 467 1117 542 angustiam

100 553 246 629 temporis
266 553 422 614 saltuatim
440 554 606 630 dumtaxat,
629 557 721 630 prout
739 554 777 612 ad
801 555 936 630 singulos
960 556 1116 631 scrupulos

99 660 147 702 res
161 659 285 718 poscere
299 642 467 720 videbatur,
487 641 669 718 exemplaria
688 643 876 704 consulendo.
903 661 982 702 nnnc
999 646 1115 719 postre-

98 750 146 790 mo
176 728 216 806 [a
243 729 342 807 1535]
374 733 480 791 nactus
507 731 678 807 plusculum
705 731 760 790 otii
788 749 806 790 a
834 732 931 807 capite
954 749 1048 808 usqne
1077 733 1116 792 ad

99 820 212 880 calcem
226 821 325 878 totum
339 839 414 896 opus
429 821 554 880 contuli:
578 822 756 895 tantumque
775 822 944 880 erratorum
962 821 1116 880 sublatum

97 911 157 985 est,
188 909 334 983 quantum
364 927 520 985 superesse
549 927 611 968 non
640 926 723 968 eram
752 908 934 986 crediturus,
963 910 1021 968 nisi
1050 911 1114 986 ipse

97 997 266 1074 periculum
295 991 454 1058 fecissem?
507 999 581 1057 baec
610 997 765 1074 praefatus
796 999 842 1056 est
871 997 908 1056 de
939 1015 971 1056 se
1002 1016 1114 1074 suaque

97 1103 199 1162 opera,
222 1105 291 1144 cum
314 1079 546 1146 ‘annotationes'
570 1085 639 1145 suas
662 1086 794 1160 primum
817 1087 917 1145 emisit
940 1085 1064 1146 editioni
1087 1107 1114 1146 a.

99 1173 343 1234 messuimus.
380 1175 537 1252 inquibus
557 1175 693 1251 quamvis
716 1175 828 1234 multas
852 1170 1113 1255 emendationem)

97 1264 313 1342 proposuisset,
337 1265 439 1323 tamen
458 1264 581 1324 editoris
601 1263 698 1323 officio
717 1263 849 1324 nondum
872 1264 954 1323 omni
971 1282 1008 1322 ex
1025 1265 1113 1338 parte

97 1353 287 1411 satisfactum
323 1371 388 1412 esse
425 1354 527 1430 ratus,
563 1353 807 1428 quotiescumque
844 1354 951 1429 postea
982 1352 1114 1412 Plinium

97 1440 204 1517 edidit,
232 1441 397 1500 identidem
420 1435 552 1502 ‘vetusta
575 1441 758 1516 exemplaria
781 1442 935 1502 commem
958 1460 1019 1500 non
1045 1460 1113 1518 gra-

97 1532 186 1589 vatus
215 1523 282 1605 est',
306 1549 364 1606 quo
387 1531 501 1590 facum
524 1531 571 1590 est
593 1533 630 1590 ut
656 1530 748 1590 editio
772 1547 797 1590 a.
823 1532 923 1603 1549,
951 1548 1026 1606 quae
1051 1548 1114 1590 sae·

97 1619 219 1696 pissime
243 1619 317 1678 mihi
341 1619 601 1678 commemoranda
628 1621 694 1678 erat
720 1619 753 1677 in
779 1618 972 1679 adnotatione
1000 1618 1113 1696 critica,

97 1709 209 1767 multas
233 1707 455 1768 emendationes
483 1708 652 1784 exhiberet,
683 1725 758 1782 quae
786 1708 818 1766 in
845 1701 1113 1767 ‘annotationibus'

96 1796 230 1856 nondum
246 1796 396 1856 indicatae
415 1799 509 1857 erent.
536 1798 647 1872 itaque'
662 1815 730 1856 oum
753 1797 942 1872 superiorum
964 1797 1001 1855 de
1014 1797 1112 1856 Plinio

96 1886 209 1944 merita
223 1885 377 1945 considero
400 1888 432 1946 et
455 1875 572 1946 attente
595 1886 675 1944 inter
694 1903 727 1946 se
745 1885 874 1960 confero,
897 1887 967 1960 post
985 1884 1110 1944 Hermo-

95 1974 179 2032 laum
201 1973 371 2036 Barba'rum
393 1975 441 2034 oui
463 1975 531 2050 plus
554 1973 701 2033 debeatur
729 1992 819 2050 quam
842 1972 966 2032 (telonio
993 1974 1113 2032 invenio

93 2063 258 2123 nennnem:
285 2063 459 2139 ingeniosae
483 2063 557 2122 artis
581 2062 790 2122 coniecturalis
815 2063 846 2120 et
868 2062 1022 2120 inmensae
1046 2081 1112 2120 eru-

94 2151 219 2211 ditionis
242 2151 331 2210 laude
355 2153 487 2212 omnium
508 2152 638 2210 ,maxime
660 2151 764 2210 floruit
782 2150 946 2225 Barbarus,
970 2149 1112 2209 Gelenius

167 2372 193 2442 ³¹⁵)
208 2373 334 2444 Silligius
351 2374 568 2430 ‘annotationes'
584 2374 692 2428 tanturn
705 2373 814 2428 Gelenii
828 2371 981 2426 excussisse
993 2369 1112 2439 videtur,
1153 2397 1159 2412 ·

93 2444 233 2499 aditiones
256 2461 314 2500 non
335 2445 446 2500 assidue
469 2445 635 2515 inspexisse3
663 2461 698 2500 ex
720 2443 778 2498 illis
805 2444 900 2498 antem
922 2459 1112 2511 quascumque

94 2515 194 2570 retulit
214 2516 350 2571 lectiones
373 2533 469 2571 omnes
495 2517 526 2570 in
549 2515 691 2572 codicibus
718 2516 894 2584 incorruptas
922 2516 952 2568 et
977 2514 1111 2583 genuinas

92 2583 1112 2714 {sutelismrbumtttussuumrreststu

93 2728 236 2782 tissimum
254 2730 350 2798 aperte
364 2728 512 2800 distinguit
529 2729 565 2783 ab
584 2675 706 2782 aliornnff
717 2727 900 2793 divinatione,
920 2726 965 2780 cui
984 2725 1111 2780 diffiden-

92 2799 164 2854 dum
190 2801 281 2868 putat.
318 2799 443 2854 divinare
469 2799 539 2854 dicit
563 2799 678 2868 eosqui
702 2797 781 2853 nullo
808 2799 903 2853 codice
929 2797 1056 2852 adhibito
1081 2798 1111 2850 in

92 2871 187 2924 verbis
207 2870 351 2940 scriptoris
370 2870 477 2938 aliquid
494 2872 616 2937 mutent,
636 2869 814 2938 quantumvis
831 2868 977 2938 ingeniose
995 2870 1024 2922 et
1047 2885 1111 2922 cum

91 2941 218 3010 quadam
237 2941 418 2996 ‘sinceritatis
437 2941 541 3011 specie'
562 2941 753 3011 excogitatum
771 2941 816 3009 sit,
834 2957 891 2994 non
908 2939 1034 2994 divinare
1053 2955 1111 3008 eos,

92 3011 144 3080 qui
170 3012 244 3066 nihil
269 3012 329 3066 sine
355 3011 497 3067 codicibus
523 3011 662 3082 corrigere
691 3011 813 3066 audeant
837 3013 867 3065 et
890 3027 925 3064 ex
951 3009 1109 3064 litterarum

92 3083 225 3138 ductibus
238 3083 367 3152 quamvis
381 3082 541 3152 depravatis
555 3084 615 3138 veri
633 3083 754 3152 vestigia
771 3094 867 3136 eruere
886 3083 1028 3136 conentur.
1056 3080 1109 3135 ita·

91 3170 148 3222 que
166 3169 182 3208 e
202 3171 219 3209 o
237 3153 273 3208 iis
291 3153 472 3223 lectionibus,
491 3171 560 3224 quas
578 3154 628 3208 ille
645 3169 703 3208 non
719 3153 812 3223 planis
830 3152 922 3207 verbis
941 3151 1116 3221 significavit·

91 3224 158 3280 inc
198 3225 286 3280 'cibus
305 3225 362 3280 suis
385 3225 425 3279 sic
448 3225 566 3295 scriptas
591 3241 664 3292 esse,
689 3241 746 3280 non
771 3222 900 3278 codicum
924 3224 1034 3290 notam,
1060 3221 1108 3276 sed

91 3296 186 3351 solum
196 3295 307 3351 Gelenii
319 3313 422 3351 nomen
436 3295 580 3366 adscripsi.
603 3298 751 3366 praeterea
761 3294 887 3364 Silligius
900 3309 1109 3360 nonnumquam

93 3383 127 3422 eo
140 3367 272 3450 peccauit
285 3367 360 3436 quod
378 3368 408 3422 in
421 3366 595 3450 longioribus
613 3365 755 3448 lemmatis
774 3365 928 3450 aBarbaro
948 3363 1108 3488 cadalaum

90 3437 682 3636 {obgapissinmsiiiiiibfflsbiiuii
699 3450 1012 3575 diffiditis?
1035 3436 1108 3556 tsi

90 3597 128 3634 ns
203 3598 254 3635 ur.
