2624 3954
350 139 434 197 Nar.
455 139 548 196 fflsr.
567 141 607 196 xl
625 148 661 198 ar
680 143 808 214 (ac-eo)
1020 143 1085 210 not

71 294 142 354 item
174 292 274 352 minus
306 290 442 352 sollertes
474 290 583 372 quibus
620 291 813 354 obesissimus
850 301 962 356 venter.
1017 312 1086 356 aves

71 397 190 460 quoquc
213 382 347 460 geminos
370 382 454 442 sinus
476 379 588 442 babent
615 381 772 464 quaedam,
798 400 895 444 unum
919 401 980 462 quo
1008 401 1085 444 mer·

70 475 145 549 gunt
163 471 309 550 recentia,
327 475 361 531 ut
379 475 496 552 guttur,
519 469 646 532 alterum
664 472 696 531 in
715 489 803 550 quem
823 489 859 532 ex
878 489 913 532 eo
932 471 1085 534 dimittunt

71 559 263 620 concoctione
295 566 453 641 maturata,
489 565 523 620 ut
549 558 687 640 gallinae,
719 559 887 641 palumbes,
920 559 1084 644 columbae,

42 646 215 727 sperdices.
243 655 361 709 ceterae
380 649 443 708 lere
462 655 565 709 carent
584 665 628 729 eo,
648 649 700 709 sed
719 648 787 728 gula
804 651 971 728 patentiore
989 658 1135 722 utun-201

69 744 132 816 tur,
156 744 189 798 ut
211 735 337 818 graculi,
365 739 460 818 corvi,
488 739 632 799 cornices.
678 738 823 816 quaedam
850 746 958 799 neutro
986 740 1084 821 modo,

68 825 121 886 sed
144 833 280 886 ventrem
301 828 470 905 proximum
492 824 616 908 babent,
643 826 753 906 quibus
774 826 934 906 praelonga
956 827 1032 888 colla
1054 838 1084 890 ct

68 921 208 996 angusta,
245 922 280 975 ut
311 914 513 996 porphyrioni.
568 923 674 976 venter
705 915 903 995 solidipedum
935 933 1022 996 asper
1054 924 1093 990 et,

68 1003 171 1064 durus.
208 1006 399 1066 terrestrium
417 1003 481 1064 aliis
500 1003 697 1066 denticulatae
721 1007 905 1085 asperitatis,
927 1003 992 1066 aliis
1015 1023 1083 1066 can·

26 1107 55 1148 ro
69 1090 196 1184 cellatim
228 1092 384 1154 mordacis.
434 1092 543 1172 quibus
575 1111 674 1172 neque
705 1093 811 1154 dentes
843 1096 994 1174 utrimque
1027 1111 1083 1154 nec

69 1182 237 1262 ruminatio,
259 1181 308 1242 hic
328 1182 528 1243 coniiciuntur
546 1180 614 1264 cibi,
637 1181 706 1243 binc
725 1185 756 1243 in
776 1181 872 1244 aluum
893 1181 1081 1244 delabuntur.

68 1269 164 1330 media
187 1269 260 1330 haec
282 1269 423 1338 umbilico
446 1271 559 1332 adnexa
587 1270 739 1352 omnibus,
765 1273 796 1332 in
824 1271 945 1332 bomine
968 1270 1072 1333 suillae
1083 1277 1136 1327 202

67 1359 167 1420 intima
190 1366 275 1438 parte
299 1349 417 1441 similis,
445 1359 605 1422 aGraecis
633 1360 798 1440 appellatur
825 1360 926 1441 colon,
953 1358 1006 1421 aubi
1032 1360 1083 1420 do·

67 1446 166 1508 lorum
188 1465 293 1527 magna
316 1465 412 1510 causa.
457 1450 666 1529 angustissime
689 1448 826 1531 canibus,
853 1467 911 1529 qua
934 1449 971 1509 de
995 1467 1083 1510 causa

25 1550 53 1592 ra
68 1535 237 1598 vehementi
258 1539 326 1598 nisu
348 1555 405 1598 nec
428 1540 492 1598 siue
516 1540 647 1600 cruciata
668 1538 767 1599 levant
792 1555 867 1599 eam.
907 1536 1083 1598 insatiabilia

68 1624 247 1707 animalium,
269 1625 379 1705 quibus
397 1644 414 1687 a
431 1635 535 1688 ventre
554 1629 692 1707 protinus
714 1635 798 1688 recto
821 1629 963 1690 intestino
986 1634 1081 1687 trans·

69 1721 144 1774 eunt
161 1711 229 1796 cibi,
251 1720 286 1776 ut
303 1715 382 1796 lupis
401 1717 542 1776 cervariis
560 1724 591 1776 et
608 1719 688 1777 iuter
711 1733 780 1777 aves
802 1717 921 1795 mergis.
953 1723 1073 1777 ventres
1082 1722 1134 1772 203

67 1801 224 1883 elephanto
244 1812 394 1887 quattuor,
418 1812 518 1866 cetera
536 1803 629 1866 subus
653 1804 770 1885 similia,
791 1803 892 1884 pulmo
915 1803 1082 1884 quadruplo

67 1893 160 1953 maior
189 1891 311 1954 bubulo.
361 1892 465 1954 avibus
494 1902 599 1954 venter
628 1911 773 1954 carnosus
805 1892 1001 1971 callosusquc.
1051 1895 1082 1953 in

24 1989 170 2044 coventre
190 1981 385 2044 hirundinum
402 1981 492 2061 pullis
510 1980 602 2061 lapilli
620 1981 745 2042 candido
765 1988 816 2041 aut
833 1980 955 2041 rubenti
973 1980 1082 2060 colore,

66 2071 119 2148 qui
133 2069 293 2131 chelidonii
306 2078 463 2152 vocantur,
481 2071 604 2149 magicis
617 2071 730 2130 narrati
748 2067 863 2130 artibus
880 2070 1082 2148 reperiuntur.

67 2165 99 2218 et
120 2159 152 2219 in
174 2159 368 2220 iuvencarum
390 2158 523 2219 secundo
547 2165 650 2218 ventre
677 2157 754 2237 pilae
783 2157 965 2218 rotunditate
992 2159 1082 2235 nigri-

67 2263 139 2307 cans
157 2246 276 2328 topbus,
295 2245 376 2308 nullo
394 2246 537 2328 pondere,
555 2246 714 2328 singulare,
732 2255 767 2307 ut
784 2253 899 2325 putant,
917 2245 1082 2306 remedium

67 2353 155 2414 aegre
178 2335 376 2416 parientibus,
399 2337 426 2396 si
447 2333 587 2396 tellurem
609 2353 669 2396 non
693 2337 832 2414 attigerit.

23 2439 51 2481 ae
133 2417 208 2507 (80)
227 2423 418 2486 Ventriculus
431 2432 520 2504 atque
534 2426 675 2486 intestina
688 2425 792 2504 pingui
807 2441 841 2484 ac
855 2424 938 2484 tenui
952 2431 1072 2484 omento
1083 2430 1135 2482 204

64 2516 240 2593 integuntur
263 2521 473 2594 praeterquam
495 2531 549 2574 ora
576 2512 775 2593 gignentibus.
820 2512 894 2573 huic
913 2511 1081 2572 adnectitur

65 2600 126 2662 lien
155 2605 186 2663 in
217 2605 339 2664 sinistra
367 2611 452 2682 parte
483 2602 626 2663 adversus
642 2604 765 2682 iecori,
793 2619 863 2663 cum
892 2618 952 2679 quo
982 2600 1082 2664 locum

65 2690 223 2768 aliquando
246 2700 410 2774 permutat,
437 2691 490 2752 sed
513 2691 691 2771 prodigiose.
737 2689 861 2770 quidam
884 2707 953 2751 eum
974 2697 1082 2769 putant

64 2781 164 2840 inesse
179 2797 233 2840 ova
246 2780 440 2862 parientibus,
459 2782 531 2841 item
546 2779 736 2859 serpentibus
755 2779 914 2840 admodum
932 2780 1081 2857 exigiurm.

21 2885 50 2926 eo
64 2870 106 2928 ita
130 2876 211 2929 certe
235 2877 355 2949 apparet
383 2871 415 2930 in
438 2867 586 2930 testudine
615 2875 646 2930 et
673 2867 822 2930 crocodilo
851 2873 881 2928 et
903 2866 1022 2930 lacertis
1051 2875 1083 2928 et

137 3130 241 3185 litem
264 3129 322 3185 Uri.
340 3130 417 3185 vind.
434 3147 463 3185 tt.
482 3134 547 3186 210.
579 3115 798 3198 iidcm'lld(?)v.
831 3127 907 3182 idem
924 3132 979 3184 Ur.

63 3206 266 3271 tquoom.
339 3207 391 3258 23
410 3202 593 3272 mergontx.
622 3203 680 3254 -tur
692 3215 737 3255 ro.
809 3201 967 3254 tutlde.
995 3200 1081 3258 autr.

64 3271 193 3327 adDett.
280 3274 426 3328 coeterae
444 3276 522 3327 lde.
552 3287 635 3327 -ην,
722 3272 906 3326 euthia.
935 3270 965 3323 st
980 3286 1004 3324 r.

64 3349 98 3397 11
117 3341 184 3398 hino
202 3349 259 3399 xe.
287 3343 334 3398 hio
352 3359 375 3399 r.
407 3409 409 3413 ,
467 3349 500 3399 17
519 3345 632 3398 neumas
651 3346 676 3398 d.
708 3343 777 3396 tres
795 3341 1009 3395 etredd.acte
1022 3339 1080 3394 Get.

135 3419 170 3469 19
188 3415 282 3487 ιιὶειίοτι
295 3419 347 3470 llo.
375 3414 482 3470 oribus
499 3432 522 3470 r.
539 3415 544 3483 Ι
563 3413 683 3468 busbulo
701 3417 734 3469 tt.
806 3417 838 3466 21
858 3409 976 3480 magicis
993 3409 1081 3470 Bida,
1154 3453 1156 3460 .

63 3483 155 3610 ἐ’
173 3502 228 3610 a
284 3488 455 3611 raro
473 3484 622 3608 uc
635 3483 739 3609 ’τ’
854 3483 930 3608 ut
946 3481 1081 3606 rsa

61 3572 173 3611 mum·
229 3600 236 3613 .
402 3573 541 3615 memo.
577 3571 699 3610 -emt
967 3596 973 3609 .

63 3628 173 3699 (exerte
190 3628 217 3696 d)
236 3575 433 3684 admodumqll.
727 3665 729 3672 ι

116 3717 187 3759 Purra.
200 3727 258 3758 nar.
271 3727 333 3760 mar.
360 3718 392 3760 Π.
887 3715 919 3765 ll
