2628 3950
203 175 294 222 xxv,
606 151 812 207 0100000010

205 303 290 362 milia
307 302 339 362 in
356 301 454 360 Plinio
471 301 535 361 fere
553 301 680 362 vulnera
693 302 887 362 librariorum
905 293 1093 377 sanavisset',
1113 317 1222 376 aequa

205 392 284 450 libus
304 391 441 450 omnibus
468 392 587 449 tantam
614 391 661 450 eni
689 390 920 452 admirationem
941 391 1055 466 iniecit,
1082 393 1117 448 ut
1141 383 1222 448 ‘sub-

205 479 300 540 latam
322 479 455 538 Plinium
477 479 697 540 commentandi
719 473 914 540 occasionem'
938 479 1094 541 crederent
1116 480 1147 537 et
1169 477 1222 536 diu

203 569 255 629 vix
278 569 437 645 quisquam
459 567 585 628 auderet
606 569 639 627 in
661 570 727 628 arte
750 569 855 629 critica
877 568 1055 646 periclitari,
1077 586 1116 626 ne
1139 585 1223 626 arro-

204 657 328 734 gantiae
341 657 538 733 incusaretur,
558 657 637 732 quod
651 657 821 716 Barbarum
838 658 1020 734 magistrum
1037 657 1223 732 incompara-

205 746 299 805 bilem
325 746 471 805 aemulari
497 746 599 806 vellet.
648 765 709 806 non
736 747 848 806 mirum
873 747 970 823 igitur
998 745 1078 823 qnod
1106 745 1223 821 posteri

205 834 337 894 editores
359 835 392 894 in
413 835 494 893 illius
517 835 611 894 verba
633 835 810 895 iuraverunt
833 838 865 895 ct
890 836 923 895 in
951 855 986 896 eo
1013 835 1077 894 fere
1105 833 1222 912 aequie-

204 926 327 1000 verunt,
354 926 390 983 ut
412 942 449 982 ex
470 917 624 982 uberrime
647 941 724 1000 quae
750 925 859 1001 parata
887 927 954 984 erat
980 923 1223 984 emendationum

204 1015 310 1090 segete
329 1013 381 1089 qni
399 1012 567 1071 arriderent
584 1013 700 1072 fruetus
719 1014 918 1090 perciperent,
936 1013 967 1073 id
986 1013 1066 1090 quod
1083 1011 1222 1088 plerique

204 1101 238 1160 in
265 1100 430 1162 editionum
449 1101 703 1188 ‘inscriptionibus
731 1102 790 1178 ipsi
817 1103 945 1178 professi
975 1105 1053 1160 sunt.
1103 1101 1136 1158 in
1165 1100 1222 1159 hoc

204 1209 330 1250 numero
345 1194 416 1249 sunt
434 1189 579 1250 editiones
594 1190 729 1250 Venetae
748 1209 775 1250 a.
791 1193 876 1251 1498
897 1192 1027 1251 011499
1047 1188 1223 1264 recognitae

205 1278 357 1338 elcanae
380 1279 521 1354 Baptista
542 1278 693 1339 Palmaria
717 1311 760 1320 -
788 1280 940 1356 exemplar
963 1297 988 1337 a.
1014 1279 1113 1354 1499,
1141 1277 1223 1353 quod

204 1367 252 1426 his
275 1368 390 1426 ultimis
413 1366 565 1426 mensibus
588 1369 624 1426 ut
646 1387 778 1427 emerem
798 1368 873 1426 mihi
895 1367 1036 1444 contigit,
1066 1385 1127 1426 uno
1155 1367 1221 1425 loco

204 1455 261 1514 XV
282 1459 343 1516 119
374 1457 465 1516 citavi
487 1468 544 1529 -',
576 1457 731 1516 Parisinac
759 1458 903 1532 quattuor
931 1475 957 1515 a.
983 1455 1221 1528 1511—1524,

204 1543 415 1620 Hagenoensis
433 1563 460 1604 a
481 1546 577 1623 1518,
600 1563 677 1621 quae
695 1545 794 1621 prima
815 1545 943 1606 indicem
961 1545 1055 1604 habet
1077 1544 1222 1620 copiosio-

204 1652 269 1692 rem
299 1653 317 1692 a
344 1633 456 1693 Ioanne
484 1631 622 1693 Camerte
648 1634 776 1710 factum,
809 1653 899 1710 quem
925 1635 1015 1692 multi
1040 1635 1147 1710 postea
1174 1652 1222 1692 ex-

203 1723 398 1798 scripserunt.
444 1741 481 1781 er
503 1722 668 1781 editoribus
691 1741 769 1781 unns
791 1723 854 1782 fere
878 1722 1085 1782 Alexander
1108 1722 1221 1781 Bene-

204 1811 324 1870 dictus
347 1811 489 1887 physicus
513 1810 694 1872 Veronensis
717 1811 808 1887 paulo
831 1812 956 1872 liberius
985 1809 1073 1872 suuni
1101 1813 1222 1871 secutus

203 1899 349 1960 iudicium
366 1900 496 1960 Barbari
515 1900 699 1971 coniecturas
718 1896 872 1960 interdum
888 1902 995 1961 reiecit
1017 1901 1066 1961 vel
1088 1901 1120 1958 in
1142 1918 1220 1958 mar-

206 1987 276 2064 gine
291 1991 411 2048 tantum
424 1989 582 2049 adnotavit
596 1991 627 2048 et
646 1983 775 2050 ‘collatis
789 1991 902 2066 partim
920 1991 1050 2052 vetustis
1070 1988 1222 2050 codicibus

201 2077 318 2152 partim
339 2076 480 2137 discussis
510 2071 695 2138 auctoribus'
723 2080 840 2139 textum
868 2081 1019 2155 corrigere
1047 2096 1137 2137 ausus
1165 2078 1222 2154 cst,

202 2165 236 2224 in
253 2167 292 2225 iis
310 2167 470 2243 praecipue
488 2166 576 2226 libris
600 2167 652 2243 qui
674 2167 713 2225 ad
735 2167 915 2228 medicinam
931 2169 1093 2245 pertinent.
1125 2166 1222 2226 edidit
1302 2231 1303 2240 ,

202 2256 352 2314 naturalis
375 2255 520 2315 historiae
542 2255 637 2314 libros
661 2249 890 2318 ‘emendatiores
913 2249 1057 2316 redditos'
1075 2251 1221 2316 Venetiae

203 2362 230 2402 a.
248 2346 342 2418 1507,
360 2343 557 2420 praefationis
575 2344 640 2404 loco
659 2344 697 2404 de
716 2345 777 2404 suis
797 2347 876 2405 curis
895 2349 926 2405 01
944 2346 981 2404 de
995 2344 1085 2404 Plinii
1103 2345 1222 2419 origine

204 2431 372 2492 Veronensi
399 2435 431 2492 et
458 2433 495 2492 de
521 2433 627 2509 lingua
654 2435 719 2494 eius
742 2435 863 2510 scripsit
885 2434 1047 2510 epistulam
1073 2432 1112 2490 ad
1139 2432 1220 2494 cives

205 2539 276 2588 suos
299 2521 487 2582 Veronenses
512 2521 626 2599 datam,
655 2521 783 2582 subiecit
805 2523 958 2583 variarum
984 2522 1146 2581 lectionum
1169 2539 1221 2598 pa-

207 2611 295 2686 ginas
318 2610 404 2671 duas.
439 2612 516 2670 hano
538 2610 702 2670 editionem
724 2603 896 2692 (Berronioo
914 2610 1065 2670 Venetam
1081 2602 1133 2690 X),
1155 2611 1221 2670 ubi-

202 2717 330 2776 cumque
358 2701 601 2776 commemoravi,
633 2719 651 2758 0
683 2700 896 2777 typographis*
909 2699 1022 2760 Ioanne
1049 2699 1155 2759 Rubeo
1188 2702 1221 2760 et

205 2787 393 2848 Bemardino
411 2788 618 2865 fratribusque
632 2789 874 2849 Vercellensibus
892 2807 1001 2866 parum
1018 2791 1100 2847 recte
1119 2790 1221 2864 appel-

205 2876 269 2936 lavi
291 2877 574 2954 Vercellensem,
603 2896 665 2937 non
691 2897 750 2954 quo
773 2876 920 2937 Vercellis
949 2896 1015 2938 eam
1041 2877 1221 2952 impressam

202 2983 270 3025 esse
292 2966 445 3044 putarem,
469 2965 522 3025 sed
545 2967 616 3042 quia
638 2967 759 3026 brevior
782 2970 849 3026 erat
872 2967 1048 3043 appellatio,
1076 2983 1168 3042 quam
1195 2967 1222 3025 si

204 3053 370 3114 Alexandri
392 3055 548 3114 Benedicti
569 3055 620 3114 vel
642 3055 787 3115 Venetiae
809 3073 918 3115 nomen
941 3075 1009 3115 oum
1036 3055 1107 3113 anni
1129 3055 1222 3132 signi-

203 3141 343 3203 ficatione
371 3145 548 3220 posuissem.
592 3144 697 3204 eadem
724 3145 830 3219 postea
852 3145 998 3204 Venetiae
1020 3144 1151 3220 repetita
1173 3145 1223 3203 cst

206 3233 292 3290 annis
318 3234 417 3310 1510,
443 3235 542 3308 1513,
568 3234 662 3293 1516.
712 3231 839 3308 deniqne
866 3233 924 3294 huc
951 3234 1084 3310 pertinet
1110 3232 1222 3308 duplex

203 3384 314 3464 textum
336 3383 496 3439 adhibuisse
524 3383 648 3439 lensonis
677 3383 808 3439 editionis
832 3384 965 3440 Venetae.
1011 3384 1222 3466 sedulemmata

203 3468 265 3506 erus
281 3470 497 3538 'nonnumquam
521 3472 585 3538 epm
609 3457 688 3510 textu
712 3455 879 3537 lemoniano
904 3454 1097 3511 dissentientia
1122 3455 1220 3537 depre-

201 3522 479 3664 ddansdiexidsdlm
492 3525 563 3580 locis
581 3527 656 3580 recte
676 3525 805 3580 concludi
819 3527 912 3596 potest
930 3527 1103 3596 cumplures
1118 3526 1219 3582 editio-

1293 2959 1295 3048 l

1291 3061 1294 3096 t
