2620 3948
126 115 133 126 '
207 129 248 193 70
553 125 581 180 e.
601 126 701 180 Potui
720 125 878 182 sucuuur

203 279 384 358 traduntque
413 264 553 356 quamdiu
583 277 665 336 navis
695 293 729 336 ea
758 277 790 336 in
817 275 903 336 litore
935 278 1053 337 steterit
1080 275 1224 336 retulisse

204 369 328 448 gratiam
357 373 481 426 venatus
510 365 686 442 adgerendo.
736 383 795 444 qua
824 364 860 424 de
891 383 979 425 causa
1006 364 1114 425 Libero
1141 367 1225 444 patri

203 455 347 534 templum
369 457 400 514 in
422 453 509 514 Samo
528 453 612 533 Elpis
635 455 772 535 sacravit,
796 454 876 533 quod
899 453 935 514 ab
959 472 993 513 eo
1018 454 1095 514 sacto
1114 452 1224 514 Graeci

203 539 377 620 κεχηνότος
400 539 560 606 Διονύεου
584 542 775 622 appellavere.
818 561 855 604 ne
879 545 1023 604 miremur
1044 549 1149 622 postea
1172 561 1222 602 ve-

204 635 290 712 stigia
307 632 461 694 hominum
483 631 615 710 intellegi
638 631 755 711 aleris,
777 649 845 692 cerm
870 633 959 692 etiam
971 631 1085 692 auxiha
1103 631 1140 691 ab
1159 649 1253 692 unos

203 721 373 788 animalium
396 728 526 800 sperent.
566 739 620 781 cur
644 722 723 780 enim
746 739 806 780 non
830 721 866 780 ad
889 720 945 780 alia
958 719 1043 801 iere,
1067 728 1118 780 aut
1140 721 1222 781 unde

203 810 334 872 medicas
361 829 466 872 manus
493 810 622 870 hominis
650 806 771 869 sciunt?
817 811 874 869 nisi
898 809 975 869 forte
1002 811 1046 869 vis
1074 809 1223 869 malorum

204 901 294 960 etiam
315 898 403 964 seras,
418 901 516 960 omnia
539 899 669 978 experiri
693 899 779 977 cogit.

151 1004 185 1053 59
274 981 330 1049 17.
358 988 459 1067 Aeque
478 987 703 1049 memorandum
722 994 752 1047 et
771 987 807 1047 de
826 986 969 1065 panthera
988 984 1078 1047 tradit
1096 985 1221 1047 Deme-

205 1079 297 1137 trius
320 1075 475 1157 physicus,
505 1079 651 1138 iacentem
673 1078 705 1137 in
727 1075 824 1136 media
846 1077 892 1135 via
920 1075 1047 1136 hominis
1071 1075 1221 1136 desiderio
1238 1089 1266 1129 10

204 1175 327 1245 repente
352 1168 523 1245 apparuisse
546 1167 625 1244 patri
647 1165 806 1225 cuiusdam
824 1163 933 1224 Philini
959 1164 1152 1242 adsectatoris
1176 1182 1222 1224 sa-

107 1245 113 1262 '
204 1256 341 1333 pientiae.
386 1253 470 1315 illum
493 1271 601 1333 pavore
629 1255 762 1333 coepisse
788 1253 920 1334 regredi,
947 1255 1041 1314 ieram
1064 1270 1134 1312 vero
1163 1255 1222 1313 cir-

205 1343 401 1404 cumvolutari
428 1361 488 1402 non
511 1341 600 1403 dubie
623 1341 823 1403 blandientem
851 1359 976 1421 seseque
1001 1341 1222 1402 conflictantem

204 1447 338 1492 maerore
363 1433 414 1510 qui
437 1433 526 1492 etiam
548 1432 580 1490 in
602 1430 746 1509 panthera
768 1429 900 1510 intellegi
922 1439 1033 1510 posset.
1074 1431 1133 1491 leta
1157 1437 1222 1490 erat

151 1537 186 1586 60
205 1519 311 1580 catulis
337 1518 443 1598 procul
471 1522 502 1579 in
525 1519 639 1578 foveam
662 1518 798 1599 delapsis.
842 1521 972 1598 primum
1001 1519 1071 1597 er'go
1099 1521 1222 1591 misera-
1237 1533 1264 1573 1⁵

204 1609 294 1668 tionis
313 1607 369 1667 fait
392 1626 452 1667 non
471 1625 676 1688 expavescere,
699 1609 867 1686 proximum
887 1616 916 1668 et
935 1625 1038 1669 curam
1056 1607 1222 1689 intendere,

204 1703 385 1776 secutusque
410 1714 467 1775 qua
490 1694 626 1757 trahebat
648 1703 761 1756 vestem
784 1699 929 1775 unguium
952 1697 1009 1756 levi
1031 1697 1157 1777 iniectu,
1188 1704 1222 1757 ut

204 1801 324 1844 causam
347 1784 458 1845 doloris
481 1784 626 1845 intellexit
649 1783 796 1864 simulque
822 1785 927 1847 salutis
948 1803 1020 1845 suae
1044 1784 1222 1865 mercedem,

205 1874 314 1934 exemit
337 1873 463 1954 catulos,
487 1891 521 1934 ea
545 1891 613 1934 cum
635 1872 682 1933 his
702 1882 903 1953 prosequente
926 1891 1022 1954 usque
1047 1881 1130 1934 extra
1153 1872 1221 1933 soli-

205 1959 324 2024 tudines
347 1961 493 2026 deductus
514 1962 589 2023 laeta
612 1969 700 2041 atque
724 1964 879 2045 gestiente,
902 1970 936 2023 ut
954 1962 1039 2023 laeile
1063 1969 1219 2041 appareret
1235 1975 1262 2014 to

205 2052 330 2129 gratiam
352 2053 466 2114 referre
491 2059 521 2112 et
541 2051 615 2112 nihil
637 2053 782 2112 invicem
805 2054 951 2133 inputare,
974 2051 1054 2130 quod
1078 2053 1166 2112 etiam
1188 2052 1219 2110 in

205 2139 324 2202 homine
348 2159 450 2202 rarum
474 2148 527 2202 est.

153 2245 185 2295 61
273 2223 347 2312 (22)
378 2229 458 2290 Haec
481 2230 569 2291 fidem
593 2237 623 2289 et
646 2227 851 2290 Democrito
874 2229 1012 2290 adierunt
1035 2231 1087 2308 qui
1105 2229 1220 2288 Thoan·

206 2327 266 2380 tem
289 2320 321 2380 in
338 2318 462 2380 Arcadia
485 2326 633 2379 servatum
657 2335 673 2376 a
696 2317 824 2378 dracone
848 2326 956 2379 narrat.
986 2319 1134 2379 nutrierat
1152 2333 1221 2377 eum

205 2425 281 2486 puer
305 2405 444 2468 dilectum
469 2406 640 2488 admodum,
669 2423 837 2486 parensque
861 2409 1009 2486 serpentis
1032 2414 1168 2468 naturam
1191 2413 1220 2464 et
1234 2417 1261 2458 2⁵
1302 2405 1303 2470 l

205 2496 439 2574 magnitudinem
469 2503 605 2557 metuens
636 2497 667 2555 in
695 2494 869 2557 solitudines
899 2495 1022 2576 tulerat,
1053 2497 1085 2555 in
1112 2492 1220 2573 quibus

206 2586 409 2645 circumvento
441 2584 590 2645 latronum
621 2584 738 2644 insidiis
774 2587 933 2663 agnitoque
966 2603 1038 2644 voce
1076 2582 1219 2644 subvenit.

206 2691 274 2734 nam
293 2691 369 2751 quae
390 2674 426 2734 de
445 2673 608 2734 infantibus
627 2673 759 2733 serarum
776 2672 851 2734 lacte
875 2673 1009 2753 nutritiS,
1033 2691 1102 2733 cum
1121 2679 1220 2732 essent
1301 2727 1302 2748 ,

206 2763 346 2842 expositi,
373 2762 551 2843 produntur,
579 2764 657 2821 sieut
680 2760 716 2821 de
741 2761 944 2822 conditoribus
970 2763 1081 2822 nostris
1105 2779 1123 2820 a
1144 2761 1219 2840 lupa,
1301 2749 1302 2797 l

207 2851 402 2930 magnitudini
426 2851 554 2912 latorum
582 2857 704 2928 accepta
726 2849 801 2910 ferri
828 2853 951 2928 aequius
980 2867 1067 2930 quam
1091 2849 1220 2910 ferarum
1234 2863 1260 2904 oo
1300 2851 1301 2862 ¹

207 2945 330 2998 naturae
353 2938 489 3000 arbitror.

278 3186 347 3234 tae
366 3181 500 3236 ehenotar
517 3186 548 3235 R.
577 3182 679 3254 notas]
695 3186 719 3235 d.
745 3182 748 3249 l
776 3181 890 3235 dionisii
906 3186 938 3234 R.
965 3183 969 3249 Ι
999 3196 1035 3236 ne
1052 3178 1094 3233 1²¹.
1114 3195 1164 3233 om.
1178 3195 1219 3234 ro.

279 3258 294 3308 6
318 3251 377 3307 fere
399 3257 430 3306 R.
463 3252 539 3307 ferae
560 3253 597 3306 dl.
625 3253 683 3308 iere
700 3270 725 3307 r.
816 3257 849 3306 12
873 3252 962 3307 feram
984 3267 1051 3306 uero
1074 3249 1219 3305 1‘22’Rob.

206 3323 301 3377 tamen
319 3322 409 3378 feram
427 3328 451 3378 d.
479 3326 576 3379 tamen
593 3323 652 3379 fero
671 3341 694 3378 r.
768 3329 802 3377 14
824 3326 920 3393 posset
937 3322 999 3378 Fu.
1025 3321 1075 3376 -sii
1092 3339 1115 3376 r.
1188 3326 1219 3374 19

107 3399 113 3413 ·
206 3407 242 3444 ea
260 3409 323 3446 eum
337 3393 382 3447 his
396 3395 497 3450 Ianus.
521 3395 643 3449 cumbis
662 3394 700 3449 α’.
724 3411 787 3450 eam
804 3395 839 3449 iis
856 3395 903 3449 1¹.
929 3411 1025 3449 eamus
1043 3401 1074 3446 Β.
1098 3409 1161 3446 eum
1177 3409 1220 3446 us·
1296 3452 1297 3460 χ

204 3477 260 3528 que
275 3462 333 3516 add.
357 3480 421 3519 eam
434 3466 503 3520 η’.
527 3483 562 3520 ea
574 3483 663 3535 usque
677 3483 741 3520 eum
754 3466 798 3520 his
813 3464 881 3521 nou.
899 3469 903 3535 Ι
918 3465 1105 3536 prosequente
1119 3461 1220 3518 a‘Rob.

206 3533 261 3584 -tes
279 3549 302 3586 r.
333 3535 337 3602 Ι
366 3553 454 3604 usque
472 3554 523 3592 orn.
542 3543 566 3591 d.
649 3542 684 3590 30
702 3537 890 3607 magnitudini
907 3539 972 3591 rut.
1001 3553 1047 3591 -ne
1065 3553 1088 3591 r.
1119 3536 1123 3604 l
1152 3534 1221 3590 fato·

206 3617 269 3655 rum
287 3602 397 3659 rla’di
425 3607 548 3662 ferarum
565 3625 589 3663 r.
619 3609 624 3676 Ι
653 3607 721 3661 ferri
738 3625 763 3662 o.
791 3608 852 3662 fieri
870 3610 898 3664 ll.
