2636 3952
166 81 232 145 234
498 79 542 146 ‚ti
560 79 661 133 PLINI
680 76 837 132 SECUNDI

165 230 324 309 tellegitur.
363 247 490 308 namque
509 236 540 288 et
557 227 732 314 grandiores
751 234 916 288 cernuntur
936 233 966 286 et
987 234 1069 290 tanto
1084 227 1186 290 volant

165 322 325 399 pinnarum
348 317 490 399 stridore,
520 324 554 378 ut
582 315 683 394 [aliae]
711 315 796 385 alites
825 313 999 397 credantur,
1029 316 1186 395 solemque

166 407 345 469 obumbrant
364 406 499 468 sollicitis
518 403 759 485 suspectantibus
778 403 910 484 populis,
932 423 970 465 ne
994 423 1063 466 snas
1085 407 1185 484 operi·

167 505 218 557 ant
245 504 349 558 terras,
400 496 553 557 sufficiunt
579 496 691 574 quippe
718 495 797 554 vires
826 502 868 574 et,
898 501 1049 572 tamquam
1078 513 1185 573 parum

167 588 205 647 sit
234 587 327 646 maria
357 587 514 665 transisse,
548 587 701 644 inmensos
730 590 844 643 tractus
873 591 1029 661 permeant
1059 582 1214 661 diraque5

166 673 314 735 messibus
334 673 413 735 nube
432 681 605 754 contegunt,
623 671 717 733 multa
736 679 875 732 contactu
893 671 1063 753 adurentes,
1085 673 1183 732 omnia

166 782 237 823 vero
260 781 364 823 morsu
377 763 545 824 ‘erodentes
568 769 598 822 et
621 762 702 821 fores
721 779 840 840 quoque
865 767 1021 822 tentorum.

116 859 166 909 105
234 851 346 912 ltaliam
370 871 407 912 ex
429 851 528 912 Africa
550 852 678 912 maxime
701 858 822 910 coortae
845 849 996 930 infestant,
1020 867 1108 930 saepe
1130 867 1184 928 po·

137 1001 141 1007 ,
166 941 237 1020 pulo
265 935 397 1001 Romano
426 941 462 1001 ad
491 939 632 1019 Sibyllina
660 947 762 999 coacta
790 938 921 999 remedia
950 939 1113 1018 confugere
1140 940 1185 998 in·
1295 958 1297 966 ’

167 1027 251 1110 apiae
275 1037 365 1090 metu.
401 1031 434 1089 in
458 1028 618 1108 Cyrenaica
641 1030 763 1107 regione
786 1026 834 1102 lex
858 1029 947 1087 etiam
965 1035 1012 1088 est
1036 1037 1083 1088 ter
1097 1045 1184 1088 ¹anno
1201 1039 1230 1079 ιο

168 1117 335 1179 debellandi
354 1135 418 1198 eaS,
436 1120 533 1196 primo
553 1135 606 1177 ova
625 1116 800 1198 obterendo,
819 1115 888 1176 dein
907 1115 1015 1197 fetum,
1033 1124 1187 1196 postremo

116 1213 167 1262 106
177 1207 304 1288 adultas,
331 1207 495 1267 desertoris
522 1224 619 1286 poena
644 1207 677 1266 in
706 1224 775 1266 eum
803 1207 854 1284 qui
869 1207 1051 1276 ¹cessaverit,
1096 1213 1128 1266 et
1152 1206 1195 1286 in=

168 1295 280 1357 Lemno
303 1294 401 1378 insula
427 1303 511 1356 certa
538 1313 679 1356 mensura
705 1295 860 1374 praefinita
888 1301 935 1354 est
962 1311 1051 1372 quarn
1078 1293 1188 1371 singuli

169 1392 359 1446 enecatarum
382 1384 418 1444 ud
442 1385 632 1463 magistratus
656 1383 797 1444 referant.
843 1381 980 1461 graculos
1004 1401 1123 1462 quoque
1146 1381 1186 1442 ob

168 1473 198 1533 id
222 1473 323 1533 colunt
346 1472 469 1532 adverso
493 1471 593 1533 volatu
611 1478 806 1533 occurrentes
825 1489 929 1532 earrnn
948 1471 1045 1532 exitio.
1079 1489 1186 1532 necare
1203 1482 1232 1522 15

170 1564 253 1622 etin
276 1561 362 1639 Syria
384 1559 504 1621 militari
527 1563 653 1640 imperio
678 1568 835 1639 coguntur.
880 1567 925 1621 tot
948 1558 1030 1620 orbis
1052 1559 1188 1639 partibus

169 1651 291 1727 vagatur
313 1649 344 1708 id
366 1648 485 1710 malum.
531 1648 649 1708 Parthis
673 1656 705 1709 et
726 1649 782 1708 hae
806 1651 848 1708 in
861 1647 928 1708 cibo
952 1657 1061 1727 gratae.

118 1744 168 1793 107
236 1735 298 1796 Vox
321 1753 425 1797 earum
447 1737 598 1816 proficisci
622 1736 657 1798 ab
681 1739 820 1816 occipitio
844 1737 970 1798 videtur.
1008 1755 1044 1796 eo
1067 1737 1132 1797 loco
1153 1739 1188 1796 in

170 1826 366 1886 commissura
388 1825 578 1904 scapularum
600 1824 710 1898 habere
735 1827 820 1902 quusi
848 1825 953 1886 dentes
980 1827 1187 1899 existimantur

170 1931 281 1992 eosque
298 1915 379 1974 inter
398 1931 431 1974 se
445 1914 571 1978 terendo
591 1913 752 1974 stridorem
771 1913 870 1993 edere,
888 1915 968 1972 circa
982 1912 1041 1973 duo
1057 1914 1186 1974 maxime
1201 1925 1232 1966 ²0
1298 1889 1310 1950 ⁴

170 2005 372 2082 aequinoctia,
402 2004 481 2063 sicut
511 2003 629 2082 cicadae
653 2003 732 2062 circa
763 2001 932 2062 solstitium.
980 2003 1077 2064 cuitus
1106 2001 1187 2062 lucu·

172 2100 285 2152 starum
312 2092 364 2169 qui
392 2097 422 2150 et
449 2093 633 2152 insectorum
660 2092 794 2150 omnium
819 2109 897 2168 quae
925 2098 1049 2172 coeunt,
1075 2108 1190 2151 merem

170 2188 308 2258 portante
328 2180 445 2260 fenino,
468 2181 499 2239 ln
523 2198 592 2240 eum
611 2179 790 2241 feminarum
814 2179 919 2239 rrltimo
941 2169 1189 2246 carruae‘reflcao

171 2269 316 2347 tardoque
344 2267 490 2346 digressu.
540 2271 672 2328 minores
700 2274 799 2328 antem
827 2269 857 2328 in
886 2270 967 2330 omui
994 2267 1051 2328 hoc
1079 2285 1190 2347 genere

79 2409 85 2416 .
171 2358 292 2417 feminis
314 2374 421 2417 mares.
1202 2369 1230 2410 es
1309 2367 1310 2370 ’

120 2451 171 2500 108
239 2439 301 2507 30.
326 2438 413 2526 (36)
450 2444 581 2506 Plurima
610 2447 795 2507 insectorum
829 2445 1025 2508 vermiculum
1057 2447 1191 2526 gigneret,

172 2541 289 2594 namet
311 2533 453 2594 formicae
476 2533 605 2595 similem
627 2535 691 2594 ovis
714 2553 793 2596 vere.
839 2543 869 2596 et
892 2535 948 2595 hae
971 2534 1191 2595 communicant
1309 2609 1310 2614 ἵ

171 2622 317 2703 laborem,
347 2628 382 2683 ut
409 2641 494 2704 apes,
525 2623 577 2684 sed
603 2622 671 2684 illac
699 2623 812 2684 faciunt
840 2622 936 2704 cibos,
966 2623 1021 2683 leae
1049 2621 1190 2683 condunt.

172 2730 205 2771 an
237 2714 261 2771 si
292 2713 360 2790 quis
386 2721 544 2792 comparet
572 2729 666 2773 onera
696 2711 874 2792 corporibus
903 2730 1028 2792 earum,
1063 2711 1190 2772 fateatur

205 2853 233 2860 ω..
237 2849 389 2859 ..ψ-...ωηι-

244 2925 363 2973 iuncos
376 2919 462 2988 posui
479 2933 541 2972 cum
559 2917 633 2974 Detl.
722 2919 933 2974 sobumbrant
949 2920 989 2974 ed.
1009 2918 1066 2973 Get.
1099 2919 1192 2973 -untes
1309 2931 1310 2970 t

172 2995 220 3044 du.
250 3007 312 3044 -ans
331 2995 384 3044 Ην.
414 2990 490 3043 aeni
507 2990 565 3046 cdd.
580 2995 641 3045 cett.
719 2989 965 3058 adaequeiam.
995 3006 1078 3044 ram·
1096 3006 1120 3043 r.

173 3062 310 3118 6nubem
327 3065 375 3117 eri.
449 3067 608 3116 imerali.
636 3060 666 3116 in
684 3061 751 3116 orbe
763 3079 789 3116 a..
806 3062 810 3130 l
826 3061 957 3116 rodentes
969 3078 1020 3117 es
1068 3064 1122 3115 8.9
1141 3077 1190 3130 po·

171 3133 239 3204 pulo
253 3132 381 3188 Romano
396 3132 496 3186 Ianua.
515 3132 572 3186 PR·
587 3138 622 3185 Ι.
640 3132 746 3202 populo
760 3148 804 3187 ro.
860 3138 876 3186 9
890 3133 991 3190 cuseio
1001 3137 1061 3186 lc.
1080 3131 1154 3185 -erio
1167 3147 1191 3184 r.

135 3263 140 3268 ,
245 3209 277 3258 11
299 3202 451 3259 obterendo
470 3209 526 3256 xo.
551 3203 632 3258 obce·
649 3210 682 3258 θ.
706 3219 786 3274 opoe-
805 3207 837 3256 u.
862 3203 972 3258 obicere
991 3221 1016 3257 a.
1039 3201 1191 3258 deterrendo

172 3281 221 3329 (11.
296 3280 329 3328 12
349 3290 441 3344 poena
457 3272 488 3328 in
505 3291 530 3328 o.
555 3291 633 3330 -nam
651 3274 696 3330 12².
722 3292 833 3330 -smrum
850 3275 895 3330 111.
922 3277 999 3330 -nam
1016 3273 1047 3328 in
1061 3279 1120 3327 lr.

174 3352 207 3400 19
227 3344 418 3417 existimantes
436 3351 489 3400 De.
580 3351 615 3400 20
631 3346 750 3402 ‘terendo
768 3363 793 3401 o.
822 3343 885 3400 -dos
903 3339 953 3430 lt*
1021 3350 1109 3400 isal
1128 3344 1190 3400 uto.

172 3431 227 3554 ot:
243 3503 267 3540 t.
282 3415 1190 3560 fitistntftt.tttffttmtmistttnitfa

173 3555 240 3610 illae
258 3555 296 3609 12²
304 3556 344 3612 ed.
356 3557 414 3614 Gal.
447 3557 496 3612 sed
514 3574 582 3628 apes
600 3559 685 3614 utiles
705 3561 772 3629 (lae
789 3567 821 3616 D.
836 3560 892 3615 'uti
908 3560 958 3615 ille
975 3561 1022 3628 12¹)
1041 3576 1085 3614 ro.
1182 3589 1186 3598 ·
