2636 3952
347 195 802 264 NAT.Hlsu.x11-4(1-a)
853 197 855 202 '
1028 193 1091 258 211

80 351 164 412 desit.
210 349 289 410 unde
309 363 472 410 ntmrerosa
487 348 695 426 quaestionum
717 347 811 406 series
830 349 971 408 exoritur.
1004 347 1093 408 iidem
1113 356 1129 405 6

81 443 160 500 enim
183 446 213 499 et
231 456 333 498 vocem
358 455 423 499 esse
446 435 493 496 his
516 437 679 514 negantia
702 442 785 495 tanto
808 452 962 496 murmure
985 438 1094 518 apium,

80 528 248 589 cicadarum
278 544 364 609 sono,
396 533 427 587 et
458 525 513 586 alia
542 542 618 603 quae
651 526 713 584 suis
745 523 981 585 aestimabuntur
1012 523 1093 587 loeis
1150 593 1152 596 ,

80 634 149 676 nam
172 615 243 676 mihi
267 617 420 676 contuenti
442 632 561 694 semper
584 615 678 674 suasit
700 630 803 674 rerum
825 622 931 675 natura
953 613 1028 674 nihil
1049 618 1093 676 in·

52 703 222 764 acredilrile
245 706 413 766 existimare
437 704 473 764 de
498 699 540 766 ea.
585 721 642 764 nec
664 704 763 785 rideo,
786 721 841 766 cur
863 705 957 782 magis
979 707 1095 783 possint

81 811 140 854 non
170 792 288 856 trahere
319 793 446 854 animam
475 793 543 854 talia
574 801 603 856 et
632 795 730 854 vivere
762 811 851 872 quam
883 795 997 872 spirare
1029 792 1118 854 sine'

1 891 2 922 ³
79 882 256 964 visceribus,
285 882 364 962 quod
388 885 476 944 etiam
499 885 530 944 in
553 885 675 944 marinis
702 881 858 943 docuimus
887 883 1020 960 quamvis
1047 869 1147 972 ar·⁹,’,¹,fi

31 996 33 1000 ·
78 979 165 1033 cente
189 975 327 1053 spiritum
346 970 491 1032 densitate
516 980 546 1032 et
569 970 725 1034 altitudine
748 973 871 1033 umoris.
908 969 1007 1031 volare
1027 973 1126 1049 qui-r

77 1059 147 1121 dem
177 1061 275 1140 aliqua
305 1069 335 1122 et
364 1062 495 1122 animatu
516 1057 628 1122 'carere
658 1063 688 1121 iu
719 1062 785 1140 ipso
816 1061 924 1140 spiritu
957 1061 1093 1140 viventia,

35 1149 189 1210 rehabere
219 1168 341 1210 sensum
372 1151 482 1232 victus,
512 1151 727 1232 generationis,
757 1151 857 1229 operis
888 1157 976 1227 atque
1004 1149 1094 1209 etiam

75 1239 112 1299 de
132 1239 233 1300 iuturo
258 1257 368 1320 euram,
392 1245 422 1299 et
444 1241 577 1318 quamvis
601 1257 661 1300 non
685 1241 744 1300 sint
762 1237 896 1298 membra
918 1254 994 1316 quae
1013 1235 1094 1298 velut

75 1331 177 1388 carina
200 1347 306 1389 sensus
329 1327 478 1410 invehant,
502 1347 567 1389 esse
592 1337 690 1389 tamen
713 1329 751 1388 iis
773 1327 921 1407 auditum,
944 1325 1093 1409 ollactum,

75 1425 240 1500 gustatum,
264 1419 369 1478 eximia
391 1425 547 1495 praeterea
569 1425 693 1478 naturae
716 1417 806 1497 dona,
830 1414 1004 1498 sollertiam,
1032 1417 1092 1474 ani·

75 1524 171 1586 mum,
194 1514 302 1588 artem,
330 1507 397 1585 quis
420 1504 505 1566 facile
529 1503 713 1567 crediderit?
745 1507 920 1584 sanguinem
943 1521 1003 1564 non
1026 1521 1092 1564 esse
1111 1511 1128 1560 8

31 1608 60 1648 15
75 1595 113 1654 iis
137 1595 245 1676 fateor,
268 1597 346 1656 sicut
369 1594 564 1656 terrestribus
588 1595 722 1676 quidem,
751 1595 867 1655 eunctis
893 1595 973 1653 inter
997 1610 1029 1652 se
1054 1594 1091 1654 si·

75 1681 185 1743 milem.
230 1702 333 1744 verum
356 1692 390 1745 ut
417 1686 533 1762 saepiae
561 1686 592 1744 in
620 1686 694 1744 mari
724 1683 877 1762 sauguinis
905 1683 985 1742 uires
1014 1688 1091 1742 atra·

75 1777 211 1830 mentum
234 1775 361 1856 optinet,
389 1789 592 1851 purpurarum
620 1775 724 1852 generi
753 1771 881 1832 infector
911 1769 960 1830 ille
991 1787 1091 1854 sucus,

75 1861 120 1918 sic
144 1865 174 1920 et
196 1861 317 1922 insectis
340 1863 477 1940 quisquis
499 1869 546 1922 est
568 1861 664 1922 vitalis
688 1878 784 1941 umor,
808 1860 857 1920 hic
880 1861 939 1919 erit
961 1861 1090 1938 sanguis,

74 1946 204 2027 denique
229 1951 405 2010 existimatio
429 1967 483 2010 sua
506 1951 615 2029 cuique
639 1953 690 2012 sit:
719 1948 805 2010 nobis
828 1949 1016 2029 propositum
1045 1956 1091 2009 est

28 2051 58 2090 eo
74 2044 197 2097 naturas
225 2056 329 2099 rerum
355 2039 527 2099 manifestas
554 2035 699 2122 indicare,
729 2056 789 2099 non
818 2054 922 2098 causas
950 2035 1091 2116 indagare

63 2123 189 2184 dubiae.

142 2206 175 2273 4'.
196 2205 248 2294 (3)
271 2211 396 2295 lnseota,
418 2221 454 2274 ut
470 2213 606 2293 intellegi.
619 2217 723 2296 possit,
746 2232 807 2274 nou
824 2214 962 2275 videntur
981 2211 1090 2274 habere
1110 2222 1126 2272 9

71 2319 192 2382 nervos,
215 2317 272 2361 neo
294 2319 361 2362 ossa
384 2320 439 2363 nec
463 2303 563 2380 spinas
586 2321 641 2364 nec
665 2303 867 2382 cartilaginem
890 2320 946 2362 nee
969 2305 1090 2382 pinguia

71 2407 130 2450 nec
149 2407 263 2471 omnes,
287 2408 325 2450 ne
345 2398 475 2452 crustam
498 2390 618 2470 quidem
641 2390 784 2472 fragilem,
808 2399 841 2452 ut
863 2391 1007 2470 quaedam
1030 2383 1110 2451 mas

24 2492 55 2533 es
70 2481 153 2560 rina,
180 2497 236 2539 nec
266 2497 341 2558 quae
365 2481 430 2541 iure
453 2480 570 2541 dicatur
598 2482 688 2563 cutis,
718 2479 770 2540 sed
798 2480 911 2540 mediae
936 2480 1091 2541 cuiusdam

71 2569 153 2628 inter
183 2569 283 2627 omnia
315 2567 389 2628 haee
422 2577 546 2631 naturae
579 2587 689 2649 eorpus
721 2570 818 2629 arenti
850 2568 961 2651 simile,
997 2587 1088 2630 nervo

145 2831 161 2880 3
181 2825 244 2880 eliis
262 2841 336 2895 quae
348 2843 372 2883 o.
401 2843 473 2895 quae
492 2827 550 2882 alia
566 2828 638 2882 eoui.
653 2827 714 2884 Sili.
732 2827 779 2883 aed
792 2828 843 2894 cfr.
857 2844 918 2884 ooo.
933 2830 986 2886 lue.
1000 2835 1089 2898 ΜΟ.

146 2902 163 2950 4
182 2913 291 2967 semper
314 2897 402 2952 suasit
419 2903 461 2950 ar
483 2899 542 2954 edd.
556 2903 617 2953 vett.
646 2912 675 2954 se
693 2908 789 2968 peren·
803 2916 826 2954 r.
851 2899 901 2968 cfr.
917 2900 969 2955 luo.
986 2917 1015 2969 p.
1025 2905 1089 2956 106.

146 2969 162 3018 8
177 2967 306 3036 spiritum
319 2968 385 3020 11²
398 2969 457 3024 edel.
473 2970 642 3026 euteflord.
661 2971 729 3024 -rat
743 2969 857 3026 rHord.
878 2971 928 3038 cfr.
943 2973 995 3026 luo.
1006 2987 1036 3040 p.
1045 2976 1089 3027 71.

147 3043 179 3090 lli
198 3037 271 3092 siout
288 3044 323 3092 at.
356 3039 429 3094 sieut
445 3056 497 3095 nee
516 3040 557 3095 1².
591 3041 716 3096 sicutne
734 3057 779 3096 ro.
812 3043 862 3108 cfr.
877 3041 990 3096 Felsina
1002 3058 1034 3111 p.
1044 3048 1088 3097 11.

70 3109 126 3164 lue.
140 3113 229 3176 1223.
244 3113 291 3165 24.
364 3115 405 3163 15.
419 3117 451 3165 16
470 3110 590 3166 similem
603 3128 702 3168 uerum
715 3117 749 3168 Ι.
775 3112 843 3167 -lem
857 3112 906 3181 qui
919 3113 1031 3168 demum
1044 3113 1088 3168 1>¹.

69 3195 171 3234 uerum
190 3179 281 3234 simile
300 3179 380 3250 (lem
393 3182 420 3250 d)
438 3182 552 3250 quidem
570 3187 622 3237 Bel.
651 3181 772 3237 similem
790 3183 904 3252 quidem
922 3185 1010 3240 redd.
1025 3189 1089 3240 uate
1113 3213 1115 3218 v

68 3249 160 3306 Roob.
195 3266 294 3304 verum
317 3249 408 3305 simile
430 3251 565 3320 quiddam
587 3254 697 3321 Barla¹
772 3260 804 3310 17
825 3253 939 3324 optinet
961 3257 1001 3310 ed.
1019 3255 1087 3310 Bas.

18 3371 23 3380 ,
68 3321 252 3376 -neantltd¹.
282 3321 409 3377 obtineat
422 3323 505 3391 (-ten·
518 3324 550 3392 li)
565 3341 587 3378 r.
661 3329 696 3378 18
713 3324 828 3381 inseetis
841 3331 898 3380 lo.
925 3325 1045 3380 infectus
1064 3344 1086 3381 r.

145 3397 178 3446 19
197 3391 316 3460 denique
330 3398 365 3447 at.
393 3393 591 3463 deosculare
610 3401 707 3451 sualt.
737 3413 788 3450 sua
806 3413 849 3451 ro.
878 3398 928 3463 cfr.
943 3395 1088 3466 caupona

68 3481 117 3534 ap.
137 3462 261 3517 Feleium
277 3479 306 3531 p.
316 3469 350 3517 11
370 3480 397 3517 oa.
412 3469 440 3520 2.
531 3471 565 3520 20
583 3468 701 3521 naturae
720 3472 755 3521 Π.
789 3483 832 3522 ·ra
849 3473 886 3522 li..
914 3483 951 3522 au
969 3469 1086 3523 naturae
1124 3533 1126 3536 ¹

66 3551 165 3590 rerum
184 3535 303 3603 (causas)
321 3534 508 3589 manifestas?
545 3542 660 3592 aetertum
683 3538 733 3605 cfr.
753 3539 805 3592 luc.
822 3554 851 3606 p.
863 3541 906 3594 73.
927 3537 931 3604 Ι
951 3537 1085 3607 indagare

66 3609 152 3660 Edu.
182 3603 287 3659 -dieare
305 3622 328 3660 r.
356 3604 480 3661 iudicare
497 3623 522 3662 o.
601 3614 634 3662 25
652 3625 705 3663 neo
723 3624 795 3677 quae
813 3611 870 3662 Ιὰ.
897 3624 950 3662 uec
968 3615 1022 3675 que
1039 3608 1084 3660 Ρ.

67 3691 161 3746 neque
180 3692 203 3729 r.
275 3681 309 3731 26
328 3692 415 3732 neruo
434 3678 491 3732 llo.
511 3678 541 3733 iu
559 3679 623 3734 alvo
643 3681 713 3735 coue’.
734 3680 835 3735 Ianua.

872 3763 926 3818 14*
