2608 3958
345 153 429 208 ΝΑΤ.
449 153 542 208 fflsr.
561 153 613 208 vu
632 157 736 208 ca-sa
757 157 883 224 (oa-54)
1078 156 1123 222 45
1154 221 1156 226 ,

103 319 135 362 se
150 304 290 364 nuntiare
305 304 431 384 iussum,
451 310 660 382 argumentum
674 302 737 362 lore
752 305 885 364 veritatis
900 304 979 382 qnod
993 307 1122 383 peractis

17 401 21 448 J
101 392 249 452 mandatis
279 394 418 471 protinus
450 393 655 472 exspiraturus
687 399 776 452 esset.
826 391 915 472 idque
944 395 985 453 ita
1014 396 1122 454 evenit.

100 487 173 559 post
196 479 377 561 sepulturam
400 497 519 560 quoqne
543 482 675 557 visorum
698 479 832 559 exempla
855 489 938 562 sunt,
961 483 1020 541 nisi
1042 483 1121 560 quod

100 577 226 630 naturae
249 586 354 651 opera,
376 587 437 630 non
460 569 607 651 prodigia,
631 576 845 631 consectamur.

73 669 87 710 ⁵
171 652 229 720 53.
248 652 324 740 (54)
355 656 517 737 Inprimis
540 665 640 718 autem
662 657 805 721 miraculo
829 666 899 718 sunt
918 691 960 701 -
980 666 1010 719 at
1033 677 1111 738 quae
1123 669 1175 720 180

99 745 284 826 frequentia!
315 762 356 789 -ὲ
385 754 497 807 mortes
524 748 709 826 repentinae
730 740 801 829 (hoc
830 755 876 807 est
903 765 1017 808 summa
1045 751 1120 810 vitae

98 829 253 918 inlicitas),
271 853 347 914 quas
365 853 432 895 esse
451 835 601 896 naturales
620 834 802 896 docebimus,
832 835 974 914 plurimas
991 835 1122 915 prodidit

98 922 261 1006 Verrius,
286 941 354 984 xnos
382 942 451 984 cum
477 923 595 985 delectu
623 925 746 984 modum
773 923 964 984 servabimus,
1014 926 1121 1002 gaudio

98 1011 209 1074 obiere
231 1019 353 1092 praeter
376 1012 544 1094 Chilonem,
577 1013 613 1072 de
642 1031 701 1092 qno
729 1013 870 1092 diximus,
902 1012 1064 1091 Sophocles
1092 1023 1121 1074 et

59 1116 85 1156 ιο
97 1099 262 1182 Dionysius
299 1109 457 1183 tyrannus,
492 1109 620 1181 uterque
657 1109 779 1180 accepto
816 1102 944 1180 tragicae
981 1102 1121 1162 victoriae

97 1193 220 1273 nuntio,
253 1198 350 1252 mater
378 1189 428 1250 illa
456 1189 604 1250 Cannensi
630 1189 690 1250 lilio
718 1188 861 1250 incolumi
890 1189 988 1249 reviso
1018 1197 1127 1250 contra

98 1281 241 1340 nuntium
273 1275 412 1360 laisum,¹
429 1278 544 1359 pudore
577 1277 724 1339 Diodorus
757 1278 918 1358 sapientiae
950 1277 1121 1338 dialecticae

97 1369 270 1449 professor,
287 1367 399 1427 lusoria
420 1369 594 1446 quaestione
617 1385 677 1427 non
698 1369 836 1447 protinus
860 1365 896 1427 ad
914 1367 1119 1445 interrogatio·

97 1475 156 1517 nes
179 1457 325 1536 Stilponis
348 1455 498 1517 dissoluta.
544 1454 635 1516 nullis
662 1454 848 1516 evidentibus
876 1457 974 1515 causis
1002 1454 1172 1535 obiere,181

60 1561 85 1600 15
99 1545 174 1606 dum
196 1545 363 1606 calciantur
385 1546 544 1626 matutino,
574 1545 633 1605 duo
657 1542 812 1624 Caesares,
840 1551 961 1623 praetor
984 1551 1015 1604 et
1036 1561 1120 1623 prae·
1191 1614 1193 1619 ,

99 1641 169 1695 tura
191 1633 371 1714 perfunctus
394 1633 546 1694 dictatoris
569 1631 704 1693 Caesaris
727 1639 820 1713 pater,
850 1633 899 1694 hic
921 1632 998 1693 Pisis
1021 1635 1120 1693 exani·
1152 1633 1154 1638 ’

99 1731 214 1804 metue,
245 1721 294 1782 ille
318 1722 442 1803 Romae,
472 1721 506 1792 Q.
529 1720 638 1782 Fabius
661 1720 806 1782 Maximus
829 1723 861 1781 in
884 1721 1042 1782 consulatu
1065 1739 1120 1782 suo

99 1811 197 1890 pridie
221 1810 278 1872 hal.
301 1810 371 1892 lan,
393 1813 423 1870 in
448 1812 535 1872 carius
558 1810 657 1871 locum
679 1811 709 1870 Ο.
728 1808 851 1870 Rebilus
873 1813 1120 1890 paucissimarum

99 1899 245 1961 horarum
273 1899 460 1961 consulatum
486 1901 585 1980 petiit,
614 1901 687 1959 item
710 1897 740 1958 C.
760 1897 909 1960 Volcatius
932 1897 1046 1979 Gurges
1075 1917 1119 1958 se-

61 1997 201 2070 sonmor,
234 2005 338 2049 omnes
365 1988 438 2048 adeo
469 1989 533 2048 sani
561 1995 649 2067 atque
676 1988 845 2066 tempestivi
872 1995 908 2048 ut
933 1987 970 2048 de
997 2005 1119 2067 progre-

100 2077 211 2138 diendo
235 2079 413 2158 cogitarent,
440 2075 474 2147 Q.
497 2076 640 2137 Aemilius
663 2075 793 2155 Lepidus
815 2078 874 2135 iarn
897 2075 1053 2153 egrediens
1075 2078 1119 2135 in·

100 2183 190 2227 cosso
214 2165 322 2245 pollice
344 2165 440 2230 limini
462 2164 605 2246 cubiculi,
636 2163 667 2226 C.
689 2165 846 2248 aufustius
869 2181 1022 2244 egressus,
1052 2181 1120 2222 cnm

98 2257 131 2316 in
155 2263 294 2316 senatum
316 2257 386 2336 iret,
407 2255 523 2315 olienso
541 2254 616 2334 pede
639 2256 672 2313 in
695 2253 823 2314 comitio.
855 2252 970 2330 legatus
992 2269 1110 2330 quoque
1122 2259 1173 2310 182

100 2344 155 2422 qui
172 2343 359 2404 Rhodiorum
383 2359 502 2404 causam
524 2345 555 2403 ln
579 2348 685 2403 senatu
707 2359 812 2420 magna
835 2359 905 2402 cum
927 2339 1119 2401 admiratione

61 2439 240 2493 seraverat
261 2433 294 2492 in
316 2431 417 2492 limine
441 2433 541 2492 curiae
564 2433 703 2511 protinus
726 2432 886 2510 exspiravit
907 2429 1048 2508 progredi
1070 2448 1119 2488 vo·

99 2521 175 2603 lens,
200 2519 253 2581 Cn.
271 2519 399 2581 Raebius
417 2520 590 2601 Tamphilus
607 2527 747 2599 praetura
767 2522 878 2598 etipse
898 2520 1028 2601 iunctus,
1051 2537 1121 2589 cum

100 2629 117 2670 a
145 2627 242 2689 puero
272 2611 439 2687 quaesisset
465 2609 567 2690 horas,
599 2608 692 2670 Anlus
719 2607 880 2687 Pompeius
909 2610 940 2668 in
968 2607 1120 2688 Capitolio,

100 2717 171 2758 cum
200 2697 273 2758 deos
301 2697 470 2778 salutasset,
502 2696 548 2758 Μ’.
576 2697 728 2758 luventius
756 2695 868 2756 Thalna
898 2695 1016 2777 consul,
1045 2689 1120 2768 'dnm
1200 2758 1201 2761 ,

173 2921 306 2990 sitaque
324 2920 366 2974 ita
383 2926 414 2974 n.
487 2921 554 2975 tat
570 2936 642 2988 quae
660 2934 722 2989 epo.-
746 2918 797 2986 cfr.
816 2935 877 2975 noo.
896 2920 948 2974 luo.
962 2923 1050 2988 pst.
1079 2921 1127 2972 at·

101 3009 156 3061 qne
174 2991 263 3045 Reid.
293 2991 330 3046 ed
347 3007 431 3059 quem
448 3008 473 3045 r.
550 2991 745 3060 thequenter
762 2989 800 3044 αἳ.
873 2990 1070 3046 'ldoceuimus
1089 2995 1120 3043 It.

174 3068 207 3116 11
227 3062 296 3117 illac
315 3061 444 3116 ameum
461 3062 507 3116 1¹.
534 3061 583 3116 ille
602 3062 719 3116 ennensi
737 3077 798 3116 oum
815 3077 871 3116 ras.
889 3062 934 3115 1¹.
957 3063 962 3130 l
986 3059 1121 3115 incolumi

102 3135 195 3190 reviso
205 3139 235 3188 Ξ.
253 3134 284 3186 in
297 3133 438 3188 columine
450 3133 511 3188 riso
520 3139 573 3186 ms.
592 3132 733 3188 incolume
748 3133 788 3202 (in
798 3133 891 3188 colum
899 3149 935 3187 ne
945 3133 985 3200 ιι)
999 3131 1059 3187 viso
1073 3135 1119 3184 ad.

170 3211 260 3259 13.14
273 3204 507 3274 interrogationes
522 3203 651 3259 stilbontis
664 3203 706 3258 1².
731 3220 807 3258 mem
821 3203 899 3258 stilb·
913 3203 958 3257 Bl.
981 3219 1028 3257 -ue
1042 3201 1120 3256 stilb-

101 3275 213 3330 ΜΨ.
242 3291 303 3329 -nes
324 3273 390 3328 tila
413 3275 472 3329 ι’ᾱ.
500 3292 547 3329 ·ne
568 3274 633 3330 tilb·
656 3275 695 3328 01.
781 3281 823 3329 16.
835 3280 868 3330 17
892 3273 1066 3329 exanimatus
1088 3278 1120 3325 12.

102 3349 147 3402 est
160 3347 225 3402 odd.
240 3363 263 3400 r.
316 3350 349 3400 18
364 3345 384 3400 Ο
399 3345 460 3401 sut.
479 3345 595 3401 Rebilus
608 3363 632 3400 c.
657 3345 773 3402 orbibus
787 3346 855 3399 Μ.
875 3345 971 3418 orsllb-
985 3349 1016 3398 a.
1040 3343 1120 3399 orab-

102 3418 168 3472 Ns.
195 3433 276 3472 more
293 3416 370 3470 illins
388 3421 413 3471 d.
486 3423 519 3472 19
539 3417 647 3488 Gurges
664 3433 690 3471 v.
718 3433 762 3470 -ns
781 3417 809 3471 ll.
881 3422 915 3470 ‘lt
939 3417 1070 3470 creuerat
1086 3413 1121 3466 1³¹

103 3491 136 3544 in
153 3504 210 3544 ros.
223 3493 256 3540 B.
284 3490 436 3542 consuerat
457 3495 488 3542 1).
515 3491 628 3543 eruerat
644 3493 669 3542 d.
698 3487 893 3544 continanerat
910 3487 947 3539 αἱ.
976 3486 1119 3541 contiona-

104 3557 243 3616 ποταπαὶ
315 3565 350 3613 26
373 3560 443 3614 'lam
463 3559 538 3614 hilus
561 3560 653 3615 Hard.
684 3558 825 3630 pampilus
847 3563 879 3612 Β.
907 3557 1056 3627 pamphius
1080 3555 1119 3610 ⁸¹.

107 3629 270 3708 pamphilus
287 3645 311 3684 r.
382 3634 416 3684 28
453 3648 502 3684 um
520 3629 610 3702 salta.
639 3647 702 3684 cum
721 3631 748 3684 ll.
