2620 3948
333 167 417 222 ΝΑΤ.
435 165 528 220 11199.
547 165 586 218 lx
605 172 709 220 eo-aa
730 167 856 235 (49-99)
1003 213 1004 216 .
1038 163 1099 228 131

88 319 168 376 riore
192 315 332 376 inmobili.
370 316 525 376 dexterum
547 314 720 376 bracchium
734 313 872 376 omnibus
895 317 998 375 maius.
1035 317 1153 381 991-99

88 405 167 466 versi
191 404 347 483 aliquando
372 409 597 484 congregantur.
643 421 677 463 os
700 402 788 464 Ponti
810 405 946 464 evincere
971 421 1030 464 non
1054 423 1100 465 va·

88 495 159 574 lent,
183 492 375 572 quamobrem
390 493 500 572 egressi
520 493 707 552 circumeunt
721 500 901 571 apparetque
916 493 1020 554 tritum
1034 495 1100 557 iter.

87 581 260 661 pinotheras
282 590 405 642 vocatur
424 583 569 658 ¹minlmus
593 581 732 640 exomni
756 597 878 660 genere,
904 581 970 641 ideo
994 601 1099 662 oppor-

60 679 181 731 stunus
204 671 337 731 iniuriae.
374 669 444 731 huic
464 667 593 729 sollertia
617 677 663 730 est
679 669 813 729 inanium
830 677 997 730 ostrearum
1015 675 1101 734 testis

64 773 120 818 Ι99
153 759 281 819 condere
315 765 358 838 et,
391 767 459 818 cum
491 759 666 838 accreverit,
699 759 825 836 migrare
860 757 891 818 ln
923 762 1100 838 capaciores.

87 847 189 908 cancri
216 849 247 907 in
269 863 377 926 pavore
407 854 437 906 et
459 848 585 907 retrorsi
611 849 677 925 pari
700 845 853 906 velocitate
877 847 1012 909 redeunt.
1057 851 1152 911 (11-99

86 937 199 996 micant
225 937 305 996 inter
328 953 360 995 se
387 943 422 995 ut
445 937 553 995 arietes
581 935 712 996 adversis
736 933 877 996 cornibus
904 935 1099 999 incursantes.

87 1032 193 1084 contra
223 1025 407 1103 serpentium
437 1027 515 1085 ictus
544 1023 710 1084 medentur.
761 1022 822 1083 9919
853 1027 954 1084 999991
983 1028 1100 1104 signum

47 1129 73 1168 1⁰
86 1120 262 1174 transeunte
285 1114 428 1194 ipsorum,
452 1129 521 1173 cum
544 1113 702 1172 examinati
720 1115 789 1192 sint,
812 1108 921 1190 eorpus
945 1113 1100 1194 transliga-

86 1203 148 1261 rari
177 1203 207 1260 in
235 1203 408 1280 scorpiones
436 1209 574 1261 narratur
601 1202 633 1260 in
660 1203 747 1261 sicco.
794 1217 830 1260 ex
854 1199 958 1262 eodem
982 1221 1090 1281 genere
1102 1212 1153 1262 100

86 1292 159 1350 sunt
186 1287 284 1349 echini
313 1288 421 1368 quibus
449 1289 550 1368 spinae
577 1307 632 1369 pro
660 1287 795 1368 pedibus.
840 1290 956 1368 ingredi
985 1299 1030 1351 est
1054 1291 1100 1352 his

85 1379 117 1438 in
142 1377 247 1437 orbem
269 1377 358 1459 volvi,
388 1380 487 1456 itaque
512 1377 630 1438 detritis
656 1393 743 1456 saepe
766 1375 877 1437 aculeis
899 1380 1100 1441 inveniuntur.

87 1485 123 1527 ex
151 1467 200 1526 his
227 1461 445 1526 echinometrae
474 1463 659 1546 appellantur
686 1471 813 1544 quotum
841 1467 942 1545 spinae
966 1467 1100 1546 longissi-

48 1570 72 1610 15
87 1571 167 1634 mae,
200 1552 314 1634 calyces
341 1555 463 1615 minimi.
509 1571 565 1615 nec
596 1553 733 1614 omnibus
760 1553 839 1614 idem
868 1557 981 1616 vitreus
1012 1557 1100 1618 colos.

87 1646 168 1704 eirca
184 1635 322 1703 Toronen
346 1642 462 1703 candidi
481 1651 644 1704 nascuntur
661 1645 745 1722 spina
762 1661 860 1722 parva.
896 1659 950 1705 ova
969 1647 1102 1706 omnium

87 1746 200 1816 amara,
231 1731 321 1810 quina
343 1748 477 1792 numero.
524 1750 575 1792 ora
603 1734 634 1792 in
663 1730 760 1792 medio
784 1748 909 1810 corpore
937 1735 1102 1794 interram

86 1837 182 1880 versa.
227 1819 350 1881 tradunt
378 1822 527 1881 saevitiam
555 1822 645 1882 maris
672 1821 841 1900 praesagire
867 1840 919 1882 eos
942 1825 1101 1903 correptis·

88 1925 147 1988 qne
173 1909 304 1988 opperiri
327 1907 433 1989 lapillis
456 1909 650 1970 mobilitatem
669 1909 800 1988 pondere
820 1907 1011 1971 stabilientes.
1049 1929 1100 1972 no·

49 1997 155 2058 991991
179 1993 359 2058 volutatione
383 1999 482 2078 spinas
506 1999 643 2058 atterere.
680 1996 759 2076 quod
782 1995 835 2059 ubi
857 1997 957 2059 videre
981 2002 1101 2081 nautici,

87 2087 190 2146 statim
212 2083 349 2164 pluribus
373 2086 510 2147 anchoris
532 2087 647 2166 navigia
670 2086 828 2146 infrenant.

152 2167 213 2236 ⁴32.
246 2171 280 2234 ln
304 2173 407 2235 eodem
431 2192 540 2254 genere
567 2174 684 2236 cocleae
708 2173 849 2253 aquatiles
873 2180 1091 2254 terrestresque
1102 2185 1152 2235 101

87 2269 263 2323 exserentes
291 2279 323 2322 se
347 2261 495 2323 domicilio
518 2262 647 2342 binaque
676 2280 731 2323 ceu
755 2278 867 2323 cornua
888 2264 1101 2341 protendentes

88 2350 367 2429 contrahentesque.
423 2351 517 2412 oculis
548 2359 664 2433 carent,
698 2351 797 2432 itaque
828 2351 987 2412 corniculis
1017 2371 1100 2432 prae·

50 2453 74 2494 99
87 2447 235 2520 temptant
257 2439 322 2499 lter.

155 2523 215 2590 33.
239 2525 377 2588 Pectines
400 2529 432 2587 ln
454 2530 529 2588 mari
552 2546 588 2588 ex
612 2529 717 2590 eodem
739 2545 848 2608 genere
872 2528 1027 2610 habentur,
1055 2548 1101 2590 re·

89 2615 203 2677 conditi
225 2624 256 2676 et
277 2617 335 2696 ipsi
357 2618 472 2695 magnis
496 2616 657 2696 frigoribus
680 2635 713 2678 ac
736 2619 850 2696 magnis
873 2616 1017 2698 aestibuS,
1046 2637 1100 2678 un·

89 2721 223 2784 ghesque
241 2705 322 2766 velut
340 2705 408 2784 igne
428 2704 563 2766 lucentes
581 2707 611 2765 in
630 2704 772 2787 tenebris,
795 2707 883 2766 etiam
901 2707 932 2765 in
949 2723 1000 2766 ore
1020 2724 1100 2767 man·

90 2793 233 2854 dentium.

54 2893 78 2934 ³⁰
157 2876 232 2964 (52)
275 2881 429 2942 firmioris
465 2885 524 2942 iam
562 2889 655 2942 testae
691 2883 821 2942 murices
853 2889 884 2942 et
920 2882 1152 2944 concharumtoa

91 2987 208 3052 genera,
230 2973 262 3030 in
277 2971 386 3049 quibus
402 2989 506 3049 magna
520 2970 650 3031 ludentis
669 2979 790 3032 naturae
805 2973 939 3031 varietas.
985 2979 1030 3032 tot
1052 2991 1101 3032 oo-

91 3057 187 3119 lorum
210 3057 404 3140 differentiae,
427 3066 472 3118 tot
494 3060 605 3138 figurae
628 3059 732 3140 planis,
756 3061 904 3140 concavis,
926 3058 1035 3141 longiS,
1058 3060 1101 3121 lu·

161 3289 179 3336 4
198 3283 293 3338 autem
310 3283 428 3338 uocatur
445 3281 521 3352 ΜΡ).
545 3283 549 3352 Ι
573 3282 649 3338 omni
666 3287 718 3337 Bc.
747 3284 836 3338 -nium
853 3286 927 3336 1191,
959 3282 1059 3338 -niium
1072 3290 1101 3339 Ε.

95 3352 247 3408 91999999
266 3355 336 3408 corti.
355 3353 428 3408 Dect.
515 3359 589 3408 ’199
606 3353 760 3408 recedunt?
847 3359 880 3409 10
897 3353 1022 3424 ipsorum
1040 3353 1102 3411 sut.

96 3421 269 3494 elipe-'ltu
287 3425 300 3493 ‘l
326 3427 438 3480 999111.
467 3424 506 3478 sit
522 3429 547 3478 el.
607 3429 641 3478 14
659 3421 707 3479 lon
729 3425 839 3478 'ssimae
858 3424 954 3493 spinae
972 3425 1048 3492 B(?).

96 3498 128 3546 le
145 3497 261 3549 toronen
279 3500 331 3550 Bel.
357 3512 433 3550 -nem
451 3513 474 3550 r.
535 3500 568 3550 18
587 3501 710 3551 uersati
728 3495 765 3550 ι’.
789 3496 878 3548 -rtunt
889 3495 955 3548 Bul.
979 3495 1102 3549 919919.

99 3561 209 3636 imagis
225 3565 336 3622 111191*Ι
356 3583 406 3622 om.
426 3567 463 3621 (1¹.
554 3572 588 3622 23
608 3571 775 3622 99999919.
809 3583 876 3619 -999
894 3581 950 3634 qua
967 3564 1004 3617 ⁸¹.
1035 3581 1102 3617 -nua

97 3649 163 3700 quae
182 3636 219 3691 ι’,
248 3655 351 3707 -uuque
369 3637 413 3694 κ’.
446 3655 567 3708 musque
585 3655 609 3693 r.
