2636 3952
241 147 305 211 190
590 145 620 200 e.
638 106 737 198 anxur
756 143 912 196 suenum

239 313 417 376 quamquam
440 295 543 355 eadem
567 311 690 355 crurum
712 292 876 354 altitudine,
904 293 1036 352 nascitur
1058 294 1090 352 in
1113 292 1254 372 Aegypto.

237 387 351 446 insistit
373 387 467 445 ternis
491 383 598 461 digitis.
639 385 799 462 praecipue
823 384 852 442 ei
873 381 1016 460 pabulum
1033 399 1164 443 muscae.
1196 383 1255 441 vita

238 477 269 534 in
292 473 373 534 ltalia
395 474 499 553 paucis
521 470 635 532 diebus.

306 556 381 645 (65)
405 561 561 646 Graviores
580 577 684 620 omnes
703 560 789 638 fruge
811 567 983 639 vescuntur,
1006 558 1140 618 altivolae
1164 577 1255 620 carne

237 658 361 711 tantum.
416 653 496 710 inter
528 650 678 728 aquaticas
714 651 810 727 mergi
841 646 897 708 soli
933 647 1079 708 dicuutur
1111 647 1282 724 devoraret

238 758 314 819 quae
337 746 455 800 ceterae
479 738 617 798 reddunt.

187 835 237 883 131
308 821 381 910 (66)
406 826 530 888 (llorum
553 823 778 888 similitudinem
801 823 966 886 onocrotali
988 823 1108 905 habent,
1131 843 1187 886 nec
1210 824 1253 886 di·

238 924 316 976 stare
345 918 588 976 existimarentur
618 917 753 993 omnmo,
783 914 842 973 nisi
870 913 1005 974 lancibus
1037 915 1111 992 ipsis
1142 916 1256 974 inesset

238 1005 360 1066 alterius
383 1007 462 1066 uteri
485 1021 588 1083 genus.
634 1003 816 1064 haecomnia
842 1001 1020 1082 inexplebile
1049 1001 1156 1063 animal
1184 1021 1254 1063 cen-

237 1097 328 1174 gerit,
351 1096 426 1154 mira
449 1100 483 1153 ut
506 1095 545 1152 sit
568 1094 723 1172 capacitas.
769 1109 837 1151 mox
860 1092 993 1169 perlecta
1015 1093 1119 1170 rapina
1141 1094 1256 1152 sensim
1271 1105 1295 1143 1⁰

237 1183 306 1243 inde
325 1185 356 1242 in
375 1201 409 1242 ns
428 1181 543 1242 reddita
561 1183 592 1241 in
610 1199 711 1241 veram
729 1179 827 1239 alvum
845 1181 1023 1240 ruminantis
1041 1179 1129 1240 modo
1151 1181 1256 1242 refert.

238 1269 328 1330 Gallia
351 1269 407 1331 hos
430 1269 656 1348 septentrionali
679 1270 813 1348 proxima
837 1285 948 1329 oceano
971 1269 1071 1331 mittit.

185 1363 235 1412 132
327 1351 401 1440 (67)
429 1358 463 1419 ln
486 1357 634 1437 Hercynio
662 1357 836 1418 Germaniae
864 1356 940 1418 saltu
967 1359 1116 1418 invisitata
1143 1375 1256 1436 genera

230 1447 341 1508 ‘alitum
363 1449 525 1525 accipimus
549 1463 676 1526 quarum
698 1446 814 1525 plumae
836 1447 951 1524 ignium
969 1447 1057 1506 modo
1077 1444 1257 1508 conluceant

236 1535 385 1595 noctibus.
417 1537 448 1595 in
468 1536 577 1595 ceteris
595 1535 670 1595 nihil
688 1541 808 1614 praeter
829 1533 1015 1596 nobilitatem
1036 1533 1255 1613 longinquitate
1270 1549 1293 1586 1⁵

237 1625 344 1683 factam
368 1624 592 1683 memorandum
615 1625 760 1684 occurrit:
784 1617 843 1685 48.
871 1622 1038 1702 phalerides
1062 1625 1093 1682 in
1118 1622 1255 1704 Seleucia

236 1711 416 1773 Parthorum
439 1718 469 1772 et
491 1715 521 1771 in
545 1713 626 1793 Asia,
654 1714 857 1791 aquaticarum
886 1710 1118 1792 laudatissimae,
1145 1730 1254 1774 rursus

236 1799 394 1880 phasianae
422 1802 453 1861 in
481 1800 599 1860 Colchis
627 1833 669 1844 --
698 1802 830 1879 geminas
862 1819 899 1860 ex
930 1799 1041 1881 pluma·
1063 1819 1151 1861 aures
1183 1801 1252 1864 sub·

236 1891 359 1949 mittunt
382 1888 599 1968 subriguntque
624 1923 675 1970 —-‚
698 1888 871 1950 Numidicae
894 1891 926 1948 in
949 1896 1032 1968 parte
1056 1889 1172 1952 Africae
1190 1889 1251 1951 Nu-

236 1978 339 2058 midia3
363 1997 527 2058 omnesque
550 1980 609 2039 iam
631 1980 663 2038 in
685 1977 776 2038 ltalia.
1262 1992 1288 2031 ²⁰

184 2069 239 2142 133Ἰ
304 2059 378 2148 (68)
420 2065 649 2146 Phoenicopteri
680 2065 810 2146 linguam
846 2068 1000 2146 praecipui
1037 2068 1152 2146 saporis
1185 2087 1252 2128 esse

236 2156 356 2234 Apicius
380 2154 481 2216 docuit
503 2163 647 2234 nepotum
670 2158 802 2215 omnium
826 2154 987 2216 altissimus
1015 2173 1133 2234 gurges.
1180 2165 1252 2218 atta·
1304 2151 1305 2237 l

235 2262 293 2322 gen
315 2246 442 2305 maxime
465 2243 566 2305 lonius
590 2242 709 2305 celeber
736 2252 767 2305 et
793 2243 903 2326 vocalis
930 2243 1015 2324 alias,
1047 2251 1152 2324 captus
1180 2263 1252 2306 vero

138 2389 144 2399 ,
235 2332 459 2413 obmutescens,
482 2332 630 2411 quondam
654 2333 839 2398 existimatus
862 2333 942 2394 inter
964 2350 1047 2394 raras
1070 2351 1147 2396 aves.
1194 2337 1252 2396 iam
1303 2335 1304 2340 ’

235 2429 266 2481 et
287 2423 319 2481 in
342 2419 434 2481 Gallia
457 2419 656 2500 Hispaniaque
680 2423 797 2500 capitur
820 2429 850 2482 et
868 2439 929 2499 per
950 2420 1040 2502 Alpes
1067 2423 1170 2504 etiam,
1199 2423 1251 2484 ubi
1264 2435 1288 2474 2⁵

235 2517 265 2569 et
292 2508 568 2590 phalacroccraces‚
600 2512 661 2571 avis
693 2509 853 2571 baliarium
881 2509 1050 2586 insularum
1081 2512 1250 2592 peculiaris,
1302 2561 1303 2586 p

235 2600 313 2658 sicut
335 2597 453 2678 Alpium
475 2599 678 2679 pyrrhocorax
700 2598 782 2662 luteo
804 2606 905 2660 rostro
927 2602 1013 2678 niger
1036 2607 1067 2660 et
1089 2603 1250 2680 praecipua

235 2704 340 2765 sapore
362 2685 495 2766 lagopus.
540 2687 632 2766 pedes
660 2687 794 2767 leporino
821 2687 891 2748 villo
918 2705 1027 2749 nomen
1054 2687 1112 2748 hoc
1140 2689 1249 2752 dedere

176 2775 347 2836 '1340ctero
380 2775 521 2836 candidae
528 2824 538 2857 ‚
570 2775 774 2838 columbarum
806 2777 1017 2856 magnitudine.
1071 2795 1133 2838 non
1167 2787 1250 2840 extra

234 2871 345 2924 terram
372 2882 438 2924 eam
464 2867 545 2926 vesci
573 2864 672 2946 lacile,
700 2865 818 2945 quando
841 2883 897 2926 nec
920 2868 979 2926 vita
1006 2869 1189 2930 mansuescit
1216 2876 1246 2928 et
1260 2873 1302 2918 δυ’

1300 2997 1302 3094 l

306 3131 319 3178 1
341 3125 440 3179 ecdem
457 3140 482 3178 o.
508 3124 538 3177 in
556 3124 656 3178 eedem
673 3125 701 3179 ll.
775 3124 864 3178 bsoli
881 3124 1013 3180 dicuntur
1031 3125 1131 3182 Ianus.
1158 3125 1247 3180 subdo
1300 3157 1301 3180 t

208 3198 265 3266 ,ut
281 3201 313 3250 B.
341 3195 391 3250 -da
407 3212 443 3250 ue
463 3195 500 3249 d1.
528 3194 578 3249 -da
596 3197 627 3248 et
643 3194 682 3248 (Ρ.
710 3196 759 3249 -dc
776 3197 809 3249 ut
826 3213 849 3250 r.
874 3197 879 3264 Ι
904 3195 1075 3251 deuorauere
1092 3200 1176 3250 ΜΒ.
1300 3189 1301 3222 ³

233 3267 366 3322 thuan.
393 3267 449 3321 hoc
467 3267 495 3321 ll.
524 3267 574 3334 cfr.
593 3269 640 3318 XI
647 3270 711 3323 135.
726 3271 790 3322 138.
867 3272 900 3320 11
919 3265 950 3320 in
968 3284 999 3321 os
1017 3265 1102 3322 Pae.
1124 3283 1198 3323 onos
1216 3274 1247 3320 lt.

233 3355 303 3394 onus
321 3337 364 3392 1³¹.
386 3337 478 3392 honor
495 3343 527 3392 tt.
551 3337 581 3390 in
599 3336 686 3392 denos
703 3342 729 3392 d.
804 3343 836 3391 12
855 3338 1081 3408 septentrionalis
1098 3344 1175 3392 lm

234 3414 268 3462 14
286 3408 445 3479 accepimus
464 3426 489 3462 a.
566 3414 600 3463 16
618 3423 674 3476 sqq.
691 3409 756 3467 dist.
774 3423 829 3479 ego.
905 3414 942 3464 24
962 3408 1036 3464 inber
1053 3425 1131 3464 raras
1148 3407 1247 3464 Ιίὐ.
1299 3445 1300 3454 1

233 3479 372 3533 interhas
386 3479 417 3532 ‹12
434 3480 534 3534 inrue.
560 3478 693 3533 internas
707 3496 730 3534 r.
802 3484 837 3534 25
851 3478 1047 3550 peredBac..
1074 3497 1125 3536 om.
1139 3481 1168 3538 ll.
1186 3481 1247 3535 edd.

232 3553 293 3602 cett.
365 3555 400 3604 26
419 3566 486 3605 aues
504 3555 549 3603 tc.
567 3550 571 3617 Ι
586 3549 743 3619 peculiares
761 3555 834 3606 Bia.
911 3557 945 3606 m
963 3551 1115 3622 praecipuo
1133 3558 1184 3606 Be.

234 3619 773 3686 aspedcnsnu.tnomeneio1)ct.
802 3623 828 3678 ei
845 3639 949 3678 nomen
966 3624 1024 3678 edd.
1044 3629 1107 3677 ante
1124 3623 1190 3678 Dal.
1298 3659 1299 3664 κ
