2628 3950
115 129 119 138 l
209 179 254 244 24
426 153 430 174 ¹
557 175 588 231 c.
605 175 704 230 amm
724 175 881 230 saeuum

209 328 245 390 ad
268 328 339 389 solis
367 343 506 386 occasum
527 333 749 404 transgressus,
779 326 913 384 excitatis
936 325 967 384 in
990 323 1142 403 Pyrenaeo
1164 333 1226 385 tro-

208 420 303 498 paeis,
336 414 444 495 oppida
466 426 673 474 occcnxxvl
701 411 737 471 ab
761 411 884 492 Alpibus
911 413 1044 473 adfines
1067 411 1227 491 Hispaniae

209 505 361 568 ulterioris
384 506 415 564 in
439 503 587 564 dicionem
609 501 729 561 redacta
752 502 892 562 victoriae
917 519 986 562 suae
1015 500 1172 580 adscripsit
1196 510 1227 562 ct

209 597 320 656 maiore
339 595 437 654 animo
453 591 620 652 Sertorium
635 591 737 672 tacuit,
759 589 897 668 belloque
917 589 1005 670 civili,
1028 589 1108 668 quod
1127 593 1228 650 omnia

210 692 332 744 externa
364 679 530 760 conciehat,
570 669 717 740 exstincto
749 680 859 738 iterum
890 678 1085 758 triumphales
1116 691 1256 740 currus⁵

106 827 112 834 .
210 790 302 852 eques
321 771 445 832 Romam
467 769 597 849 induxit,
620 770 730 830 totiens
752 769 914 847 imperator
938 775 1006 827 ante
1026 785 1114 845 quam
1131 767 1227 828 miles.

157 876 191 926 st
209 869 313 943 postea
336 859 372 942 ad
390 867 452 920 tota
475 860 567 919 maria
590 863 620 916 et
638 855 746 917 deinde
769 856 840 916 solis
863 863 947 916 ortus
970 857 1079 916 missus
1102 854 1157 916 hos
1180 875 1227 918 re·

211 949 279 1011 tulit
305 949 417 1029 patriae
445 946 549 1007 titulos
576 963 660 1006 more
687 947 781 1005 sacris
808 945 1021 1006 certaminibus
1044 947 1229 1006 vincentium

211 1072 253 1082 -—
282 1055 380 1117 neque
408 1038 487 1096 enim
513 1037 573 1114 ipsi
600 1041 795 1114 coronantur,
826 1034 879 1094 sed
905 1035 1018 1114 patrias
1045 1051 1114 1094 suas
1142 1052 1227 1095 coro-

211 1136 283 1189 nant
301 1160 353 1207 -,
376 1125 430 1185 hos
454 1143 525 1203 ergo
548 1123 679 1183 honores
701 1121 770 1183 urbi
792 1121 899 1183 tribuit
921 1125 952 1182 in
976 1121 1100 1183 delubro
1119 1121 1270 1184 Miner-10

210 1235 263 1277 vae
286 1214 366 1295 quod
390 1232 426 1273 ex
449 1211 597 1275 manubiis
620 1210 751 1272 dicabat:
789 1209 844 1271 Cn.
868 1211 1059 1291 Pompeius
1081 1210 1228 1290 Magnus
1304 1233 1305 1238 ¹

212 1307 409 1384 imperator
432 1301 528 1361 hello
552 1314 636 1361 xxx
658 1317 832 1361 annorum
856 1300 1035 1381 coniecto,
1059 1300 1150 1360 fusis
1174 1301 1228 1361 iu·

212 1395 304 1472 gatis
323 1391 456 1452 occisis
475 1392 511 1450 in
530 1387 750 1450 deditionem
770 1391 930 1468 acceptis
946 1389 1128 1448 hominum
1147 1407 1228 1449 cen-

212 1484 306 1542 tiens
329 1481 467 1539 viciens
491 1478 600 1538 semei
616 1475 796 1558 n‘xssffm,
819 1477 1004 1556 depressis
1028 1485 1088 1537 aut
1110 1479 1228 1556 captis

212 1567 363 1630 navibus
386 1577 609 1647 Dcccxnw,
641 1566 784 1646 oppidis
812 1565 975 1626 castellis
998 1579 1230 1628 nnxxxvin
1245 1583 1270 1621 15

212 1659 248 1717 in
279 1655 387 1718 iidem
418 1656 592 1735 receptis,
629 1656 787 1714 terris-a
816 1653 967 1715 Maeotis
999 1653 1040 1714 ad
1070 1653 1231 1716 Rubrum

213 1763 307 1806 mare
338 1743 513 1824 subactis,
545 1751 664 1804 votum
694 1745 825 1804 merito
854 1741 1041 1804 Minervae.
1096 1743 1153 1804 hoc
1183 1752 1232 1805 est

160 1846 195 1896 98
212 1833 393 1895 breviarium
416 1833 480 1893 eius
504 1831 541 1892 ab
564 1834 687 1892 oriente.
724 1831 869 1912 triumphi
890 1850 961 1892 vero
985 1849 1074 1912 quem
1097 1831 1182 1892 duxit
1205 1851 1230 1893 a.

214 1923 241 1984 d.
264 1935 306 1983 111
328 1920 384 1982 kal.
409 1920 473 1982 Oct.
489 1920 533 1995 hi.
557 1919 665 1981 Pisone
689 1918 726 1980 M.
749 1920 873 1981 Messala
901 1939 960 1981 cos.
984 1919 1127 2002 praeiatio
1155 1921 1230 1982 haec

213 2011 284 2074 ruit:
308 2009 392 2072 Cum
415 2027 511 2069 oram
533 2011 746 2070 maritimam
767 2008 1013 2089 praedonibus
1033 2007 1270 2073 liberassetao

214 2107 250 2161 et
277 2101 469 2179 imperium
498 2100 607 2158 maris
636 2096 769 2178 populo
799 2097 955 2158 Romano
985 2100 1231 2181 restituisset,
1303 2103 1304 2156 l

214 2207 255 2250 ex
282 2188 378 2269 Asia,
405 2187 532 2268 Ponto,
560 2186 738 2267 Armenia,
766 2185 1020 2267 Paphlagonia,
1048 2185 1230 2268 Cappado·
1303 2205 1304 2266 p

215 2280 282 2358 cia,
306 2273 449 2356 Cilicia,
476 2274 591 2356 Syria,
621 2272 778 2354 Scythis,
805 2273 963 2357 IudaeiS,
986 2273 1147 2357 Albanis,
1169 2274 1230 2336 Hi·
1303 2271 1304 2303 ¹

213 2365 327 2445 beria,
359 2364 478 2425 insula
506 2363 624 2444 Creta,
656 2362 844 2424 Rastrcnis
874 2370 908 2425 et
936 2381 1045 2442 super
1074 2364 1160 2425 haec
1188 2364 1232 2426 de

161 2466 196 2516 99
214 2471 299 2532 rege
318 2451 527 2514 Mithridate
546 2459 652 2530 atque
667 2450 821 2531 Tigrane
840 2452 1087 2532 triumphavit.
1115 2471 1231 2514 summa
1245 2469 1271 2509 ss

128 2530 141 2553 '
214 2559 398 2602 summarum
425 2543 455 2601 in
482 2540 531 2601 iila
558 2539 651 2618 gloria
679 2541 736 2601 fuit
763 2534 812 2624 (ut
834 2543 899 2620 ipse
926 2544 958 2602 in
986 2543 1123 2603 contione
1146 2542 1232 2623 dixit,
1302 2551 1303 2602 i

215 2649 284 2692 cum
311 2629 464 2690 derebus
492 2632 554 2691 suis
578 2623 755 2712 dissereret)
783 2628 882 2690 Asiam
908 2630 1043 2692 ultimam
1064 2633 1230 2710 provincia-

213 2738 283 2781 rum
309 2721 460 2798 accepisse
488 2718 670 2798 eandemque
699 2717 827 2778 mediam
849 2721 962 2797 patriae
985 2718 1159 2780 reddidisse.
1205 2723 1232 2782 si
1301 2793 1302 2802 ἵ

215 2810 282 2888 quis
305 2826 322 2868 9
341 2809 492 2868 contrario
515 2807 603 2868 simili
626 2805 715 2868 modo
732 2807 802 2868 velit
820 2825 1000 2886 percensere
1019 2805 1152 2868 Caesaris
1171 2827 1232 2891 res,

215 2899 267 2977 qui
294 2897 388 2956 maior
414 2895 465 2956 illo
494 2897 642 2977 apparuit,
672 2903 769 2956 totum
791 2896 926 2975 proiecto
950 2904 1098 2958 terrarum
1127 2897 1232 2958 orbem
1246 2911 1271 2950 ³⁰

216 2992 384 3067 enumeret,
408 2984 488 3064 quod
510 2985 660 3045 infinitum
683 3002 750 3045 esse
773 2985 937 3058 conveniet.
991 2999 993 3008 ’

162 3085 214 3136 199
283 3067 342 3135 27.
375 3066 450 3156 (28)
497 3071 611 3134 Ceteris
633 3075 778 3134 virtutum
800 3072 962 3151 generibus
984 3075 1066 3134 varie
1093 3081 1123 3135 et
1144 3075 1233 3136 multi

215 3164 300 3224 fuere
322 3169 516 3241 praestantes.
563 3161 634 3222 Cato
656 3162 772 3241 primus
795 3160 918 3223 Porciae
945 3163 1042 3241 gentis
1065 3169 1231 3224 tres‘sum-
1300 3157 1301 3162 ’

288 3427 303 3475 1
321 3421 503 3492 transgressis
520 3425 574 3474 xa.
642 3425 658 3476 5
677 3419 845 3476 conciebant
860 3426 891 3474 R.
920 3421 1165 3476 concutiebatur.

217 3517 233 3566 9
251 3509 338 3565 tonus
355 3514 408 3564 na.
471 3515 506 3564 14
523 3507 665 3564 oxxvm
681 3513 713 3562 n.
776 3514 809 3563 as
828 3494 997 3564 occxniu
1014 3516 1045 3562 n.
1073 3507 1234 3566 occxnvr

215 3585 265 3665 na.
295 3579 395 3633 -xmn
417 3581 506 3634 nun
536 3579 711 3662 -xnvuat
739 3581 961 3663 99999991
992 3578 1235 3662 ccxxxvmm
1299 3619 1300 3665 ,

215 3667 248 3708 ut
265 3665 321 3707 raa.
394 3657 429 3708 24
446 3651 570 3706 basterna
587 3655 619 3704 B.
646 3651 784 3706 bostrenus
801 3651 844 3705 1².
918 3655 951 3706 32
970 3651 1053 3706 multi
1071 3667 1120 3706 om.
1139 3658 1171 3706 n.
1299 3667 1300 3699 t
