2588 3956
301 124 385 176 Nar.
405 123 496 177 Hisr.
516 123 582 178 Vnt
600 129 706 178 42—44
726 127 851 194 (cc-eet
1041 127 1082 189 97

52 291 146 349 pecua
166 271 351 350 admittitur,
375 272 427 331 sed
447 271 582 332 solstitio.
614 291 711 332 mares
730 275 759 332 in
780 275 955 334 remissione
976 277 1074 353 operis
1086 286 1135 335 168

52 359 238 420 deteriores.
283 370 388 440 partus
416 379 432 419 a
460 362 631 422 tricensimo
660 380 762 421 mense
790 363 961 442 ocissimus,
991 363 1083 424 seda

51 452 177 509 trimatu
204 449 373 529 legitimus,
398 449 522 508 totidem
546 457 619 528 quot
642 468 735 528 equae
760 458 789 511 et
812 450 907 510 isdem
929 451 1082 512 mensibus

50 545 78 596 et
101 536 201 597 simili
228 538 326 598 modo.
353 537 406 597 scd
425 539 614 598 incontinens
637 547 741 599 uterus
765 540 851 599 urina
869 539 996 618 genitale
1015 541 1081 600 red-

26 627 105 707 adit,
136 629 173 686 ni
206 634 333 706 cogatur
360 629 390 686 in
419 644 541 686 cursum
564 625 739 687 verberibus
767 630 894 688 acoitu.
941 647 1007 688 raro
1032 649 1081 708 ge-
1122 659 1126 666 ·

48 717 147 774 minos
172 717 269 794 parit.
299 716 432 794 paritura
455 715 553 774 lucem
576 716 705 794 fugitet
727 714 866 776 tenebras
889 717 1019 798 quaerit,
1043 735 1080 777 ne

50 806 263 884 conspiciatur
291 803 327 862 ab
350 803 479 864 homine.
525 806 619 882 gignit
641 811 704 864 tota
731 806 789 864 vita
818 823 892 882 quae
921 814 967 865 cst
989 808 1017 865 ei
1044 807 1080 866 ad

48 895 268 953 tricensimum
291 910 410 953 annum.
442 901 546 970 partus
570 893 676 953 caritas
700 911 828 973 summa,
852 893 904 953 sed
928 907 1133 972 aqnarcun169

50 981 186 1042 taedium
217 983 323 1054 maius.
368 999 423 1060 per
450 983 534 1060 ignes
563 981 599 1040 ad
622 981 701 1041 letus
724 982 863 1062 tendunt,
891 982 1026 1062 eaedem,
1055 987 1081 1044 si

15 1087 37 1124 ιο
49 1072 131 1129 rivus
151 1073 303 1131 minimus
322 1071 454 1150 intersit,
477 1069 602 1129 horrent
620 1074 668 1130 vel
683 1070 775 1148 pedes
794 1073 914 1130 omnino
934 1073 1079 1149 tinguere.

49 1177 103 1218 nec
128 1161 195 1219 nisi
216 1159 357 1218 adsuetos
381 1166 484 1237 potant
502 1158 600 1218 sontes
624 1176 699 1236 quae
724 1167 793 1218 sunt
817 1161 848 1218 in
865 1161 1014 1237 pecuariis
1038 1168 1078 1220 at·

51 1265 105 1324 que
131 1248 177 1308 ita
204 1255 240 1308 ut
259 1249 339 1307 sicco
359 1249 476 1307 tramite
500 1247 657 1326 adpotum
678 1255 754 1308 eant.
785 1265 839 1307 nec
858 1255 965 1325 pontes
984 1256 1078 1308 trans-

51 1345 121 1396 eunt
146 1355 208 1415 per
231 1338 386 1397 raritatem
409 1353 514 1395 eorum
538 1335 753 1396 tralucentibus
773 1335 879 1396 fluviis
909 1339 1077 1416 mirumque

53 1424 131 1484 dictu
138 1473 147 1504 ,
180 1427 290 1485 sitiunt
313 1416 357 1504 etp
387 1427 412 1483 si
436 1431 590 1485 mutentur
614 1442 720 1504 aquae,
748 1433 781 1484 ut
804 1423 906 1484 bibant
930 1427 1077 1504 cogendae

20 1529 39 1567 15
52 1515 261 1574 exorandaeve
293 1521 371 1573 sunt.
420 1530 474 1572 nec
504 1515 563 1572 'nisi
593 1515 751 1591 spatiosam
782 1512 900 1573 cubitus
927 1513 1079 1576 laxitatem

53 1611 157 1663 amant.
186 1619 315 1680 namque
340 1619 444 1661 somno
468 1603 529 1660 visa
553 1603 726 1680 concipiunt
749 1603 810 1662 ictu
829 1602 939 1680 pedum
962 1603 1078 1683 crebro,

53 1692 101 1766 qui
119 1693 184 1751 nisi
206 1692 369 1770 perinane
393 1691 524 1769 emicuit,
547 1689 671 1768 repulsu
686 1689 816 1750 durioris
835 1693 979 1754 materiae
999 1692 1076 1752 clau·

56 1777 176 1839 dilatem
206 1779 277 1839 ilico
308 1779 412 1838 adfert.
448 1787 600 1856 ‘quaestus
628 1796 665 1838 ex
688 1781 724 1838 iis
748 1781 846 1857 opima
872 1779 993 1857 praedia
1019 1790 1130 1841 erc-170

55 1876 184 1944 superat.
233 1875 339 1928 notum
363 1869 462 1927 estin
486 1866 645 1927 Celtiberia
668 1866 799 1946 singulas
823 1867 1077 1947 quadringentena

24 1955 130 2015 nomilia
160 1973 330 2030 nummum„
343 1957 458 2037 enixae,
485 1955 633 2016 mularum
660 1958 787 2016 maxime
815 1963 911 2034 partu.
960 1961 1077 2018 aurium

58 2044 168 2105 referre
191 2047 226 2104 in
249 2045 296 2104 his
320 2053 350 2105 et
372 2043 582 2124 palpebrarum
604 2043 680 2124 pilos
704 2047 795 2104 aiunt.
839 2046 973 2123 quamvis
997 2048 1076 2106 enirn

57 2133 191 2193 unicolor
221 2133 337 2211 reliquo
361 2151 500 2214 corpore,
529 2133 654 2193 totidem
676 2140 776 2193 tamen
798 2132 915 2193 colores
938 2141 1012 2212 quot
1034 2134 1076 2193 ibi
1166 2163 1169 2166 ·

58 2220 136 2282 luere
175 2221 284 2282 reddit.
336 2221 433 2300 pullos
470 2238 573 2282 earum
610 2220 724 2300 epulari
755 2221 909 2282 Maecenas
945 2224 1076 2282 instituit

58 2309 182 2370 multum
211 2329 247 2370 eo
271 2318 405 2389 tempore
429 2310 577 2390 praelatos
604 2313 731 2389 onagris.
773 2318 846 2390 -post
869 2328 938 2370 eum
961 2313 1075 2371 interiit

29 2401 217 2460 nanctoritas
241 2401 355 2478 saporis
378 2401 470 2459 asino.
503 2401 648 2458 moriente
667 2401 733 2459 visu
753 2399 907 2459 celerrime
931 2399 960 2459 id
980 2418 1075 2478 genus

60 2484 161 2550 delicit.

120 2571 181 2639 44.
202 2568 276 2658 (69)
299 2575 344 2636 Ex
363 2577 445 2636 asino
470 2583 500 2635 et
518 2594 595 2654 equa
618 2575 695 2636 mula
714 2577 845 2654 gignitur
868 2593 971 2636 mense
990 2587 1124 2658 xr11,1'11

61 2664 160 2725 annal
185 2663 299 2724 viribus
321 2667 353 2724 in
376 2661 493 2724 labores
517 2664 665 2724 eximium.
699 2663 735 2723 ad
757 2665 832 2724 tales
855 2673 958 2744 partus
981 2683 1073 2744 equas

63 2803 268 2812 ”su-...me-

125 2897 141 2944 2
160 2887 279 2960 pareunt
296 2888 401 2941 DN.
478 2889 624 2942 tin-inam
643 2888 796 2958 genitalem
814 2905 859 2942 av.
937 2895 953 2942 5
973 2906 990 2943 a
1007 2889 1072 2959 Dei

36 2961 146 3014 .aor².
172 2977 224 3014 otu.
242 2978 266 3014 r.
301 2962 305 3027 Ι
338 2975 417 3013 raros
435 2959 550 3013 unaue
640 2961 772 3029 Spurius
790 2957 908 3014 cirlc'u
925 2975 981 3014 ruo.
1008 2978 1072 3029 par-

15 3060 20 3076 =
62 3031 121 3085 lunc
137 3049 162 3085 r.
253 3036 269 3084 9
294 3029 410 3084 eaedem
432 3029 501 3084 Μ’.
531 3046 565 3084 eu
582 3030 651 3084 item
674 3030 712 3084 ι’.
741 3030 846 3084 cadunt
862 3035 887 3083 cl.
915 3030 1031 3085 caedem
1048 3049 1071 3084 r.

126 3108 160 3157 10
180 3103 297 3156 horrent
312 3100 359 3155 vel
376 3115 431 3170 ego.
460 3100 495 3154 -ti
511 3103 544 3156 ut
561 3102 599 3154 αἱ.
628 3101 692 3172 iss!
708 3103 758 3154 aut
775 3106 825 3155 lid.
852 3103 894 3154 -ta
913 3103 945 3156 ut
962 3106 993 3155 Β,
1020 3101 1072 3156 -tta

65 3171 92 3223 ul
105 3175 168 3228 Ital.
242 3179 275 3227 13
294 3188 346 3242 per
364 3174 425 3241 (pro
443 3172 487 3240 1²⁹)
506 3171 622 3226 ruribabe
640 3177 695 3225 llll.
770 3177 802 3226 15
823 3172 976 3254 spatiosam
995 3173 1071 3226 cubi·

65 3243 103 3296 tos
122 3260 178 3313 epo.
206 3261 251 3297 -ea
268 3242 410 3297 incubitus
430 3243 472 3296 Ρ.
501 3259 545 3296 -aa
561 3242 701 3297 incubitct
719 3247 743 3296 d.
772 3260 816 3297 -sa
833 3243 959 3297 moubita
976 3260 999 3297 r.

67 3317 142 3370 11116
159 3315 307 3369 laxitatem
323 3315 421 3368 amant
438 3330 485 3384 epo
502 3329 563 3368 uuo.
578 3315 631 3368 luc.
644 3331 672 3382 p.
683 3318 728 3368 76.
752 3313 818 3368 itas
831 3314 894 3369 toto
906 3313 986 3368 uaria
998 3313 1070 3367 1¹2².

68 3382 123 3439 itu
139 3387 221 3440 uaria
236 3391 261 3438 11
278 3401 374 3440 ecorr.
388 3401 413 3438 c.
439 3385 505 3439 —itas
523 3385 557 3438 ut
574 3385 654 3439 auaui
670 3401 694 3438 r.
750 3391 783 3440 11
802 3385 885 3439 inane
904 3389 929 3438 d.
953 3401 1029 3440 -nem
1047 3403 1070 3440 r.

69 3451 228 3522 lemicnerit
244 3461 275 3509 12.
338 3461 425 3510 18.19
444 3456 660 3525 exsuperantii.
723 3461 756 3509 19
775 3457 839 3511 dist.
858 3456 958 3510 Ianus.
979 3457 983 3525 Ι
1002 3474 1070 3524 qua-

69 3522 222 3598 draginiena
242 3531 274 3580 B.
302 3525 463 3597 -dn‘ngenta
485 3527 522 3580 ‹1¹.
595 3532 629 3581 20
652 3527 766 3596 parium
788 3527 833 3581 12².
906 3531 939 3580 25
964 3527 1070 3596 saporis

68 3596 132 3654 Ν.
153 3600 190 3653 -ri
208 3616 231 3652 r.
247 3600 252 3666 Ι
267 3597 332 3652 uisu
349 3602 373 3651 d.
393 3615 436 3652 -so
453 3615 476 3654 r.
499 3596 550 3663 cfr.
566 3597 667 3652 Iesoeu.
682 3599 777 3652 auum.
788 3598 884 3666 philol.
899 3602 1014 3665 185911.
1025 3601 1072 3652 75.

111 3687 173 3729 Pru.
189 3697 246 3738 ω.
259 3697 321 3730 mr.
348 3687 381 3727 11.
892 3692 907 3741 7
