2612 3962
323 163 408 218 ΝΑΤ.
426 161 520 218 fflsn.
539 161 591 218 xv
610 169 715 219 1c-1a
736 163 791 231 (re)
1000 163 1068 228 403

46 315 131 378 caelo
156 333 263 376 sereno
286 321 337 376 ant
361 316 448 377 siccis
471 316 576 376 ventis.
614 312 750 376 similiter
769 311 858 392 deligi
882 321 912 373 et
934 331 971 373 ex
993 312 1071 376 loois

46 407 137 472 decis
161 414 193 466 ot
215 403 465 484 anteperfectam
489 405 700 483 maturitatem,
723 400 824 464 addito
845 409 880 464 ut
897 401 968 462 luna
989 403 1069 466 inira

46 504 161 556 terram
191 495 243 575 sit,
275 509 347 560 uras
376 509 446 557 cunr
475 491 611 558 malleolo
639 492 784 558 sarmenti
816 491 906 573 duro,
939 491 1068 572 demptis

46 584 152 646 loriieo
174 581 406 661 corruptoribus·
427 581 534 663 acinis,
563 582 597 641 in
614 579 704 642 dolio
734 581 832 659 picato
859 582 975 642 recenti
1002 597 1067 642 sus·

24 672 151 755 spondi,
173 670 294 735 exclusa
316 672 399 732 omni
420 687 493 732 aura
516 668 658 749 operculo
682 677 712 730 et
730 687 831 752 gypso.
869 671 913 730 sie
931 677 963 730 et
980 669 1069 736 sorba

47 780 82 821 ae
112 759 191 843 pirap
222 759 316 828 *mlitis
345 761 479 820 omnium
509 757 639 822 surculis
668 760 743 838 pice.
790 757 867 822 dolia
896 759 1002 838 procul
1030 758 1067 820 cla

45 868 124 929 aqua
148 867 222 910 esse
269 848 389 928 quidam
412 849 455 908 sie
479 863 554 911 eum·
570 847 690 926 palmite
712 849 778 926 ipso
802 846 944 929 condunt,
966 849 1067 928 eapiti-
1087 858 1121 907 66

45 939 104 1002 bns
124 939 190 1000 eius
201 936 425 1010 'scallaeintinis
444 939 605 1018 utrimque,
627 935 678 997 alii
696 938 786 1000 etiam
804 939 870 1001 vica
890 935 1068 1000 habentibus

47 1027 150 1108 doliis,
173 1027 245 1088 dum
267 1044 307 1094 nc
328 1028 503 1106 contingant
525 1044 560 1092 ea
581 1043 670 1106 urae,
692 1024 785 1104 aliqui
806 1025 881 1088 mdc
904 1028 937 1086 in
958 1027 1068 1106 patinis

16 1114 190 1180 rofiotililaus
218 1114 379 1196 liuitoutia,¹
411 1127 471 1194 quo
500 1131 610 1194 genere
643 1111 768 1176 ctrino
799 1113 922 1176 odorem
952 1115 1069 1194 adquiri

46 1211 163 1285 putant.
208 1203 299 1284 aliqui
322 1205 421 1266 omma
444 1203 517 1267 haec
539 1205 571 1266 in
594 1202 676 1267 milio
699 1205 812 1266 servari
835 1203 957 1286 malunt,
979 1203 1067 1284 pleri-

47 1313 105 1372 que
130 1294 257 1354 veroin
280 1291 386 1354 scrobe
409 1292 504 1354 mum
530 1291 641 1372 pedum
668 1291 833 1355 altitudinis
860 1293 972 1354 harena
999 1292 1068 1356 suh·

47 1390 143 1444 strato
167 1391 198 1444 et
219 1381 303 1446 fictili
325 1381 477 1463 operculo,
500 1381 570 1444 dein
592 1389 674 1442 terra
696 1389 810 1462 operto.
848 1389 929 1444 creta
948 1381 1068 1462 quidam
1088 1393 1122 1442 64

47 1471 149 1551 riglina
173 1471 261 1531 etiam
284 1489 356 1532 uvas
379 1470 510 1532 inlinunt
533 1472 701 1550 siccataque
724 1468 787 1532 sole
811 1470 1011 1553 suspendunt,
1038 1473 1070 1532 in

16 1575 34 1614 1⁵
46 1578 107 1622 usu
132 1557 282 1624 diluentes
299 1567 419 1623 cretam.
457 1557 582 1620 eandem
604 1561 701 1638 pomis
723 1561 793 1626 vino
816 1558 966 1639 subigunt,
994 1560 1069 1622 mala

48 1667 122 1710 vero
141 1650 372 1728 generosissima
391 1648 494 1710 eadem
513 1650 628 1710 ratione
647 1656 783 1716 crustant
805 1667 899 1729 gypso
920 1648 968 1712 vel
990 1667 1070 1732 cera,

46 1755 141 1818 qnae,
177 1740 236 1803 nisi
268 1740 497 1819 mutuaverint,
533 1740 718 1801 incremento
756 1738 885 1818 aalydem
916 1749 1069 1818 rumpunt.

47 1843 169 1906 semper
191 1835 292 1893 autem
314 1828 346 1888 in
372 1826 527 1906 podioodos
554 1825 711 1888 conlocant
738 1845 781 1888 ea.
827 1827 876 1888 alii
903 1827 1070 1908 decerpunt

47 1933 120 1978 eum
142 1915 273 1977 surculis
297 1929 408 1995 eosque
431 1918 463 1978 in
481 1914 641 1981 medullam
664 1913 766 1977 sabuci
789 1915 904 1982 auditos
927 1916 1108 1996 ubieunque

17 2017 33 2058 u
46 2013 82 2066 ut
107 2005 364 2082 suprascriptum
386 2013 440 2066 est.
477 2004 675 2083 alii'singulis
697 2003 782 2066 malis
800 2005 934 2084 pirisque
953 2005 1068 2084 singula
1088 2014 1121 2064 66

45 2090 411 2171 vasalictiliaaelsipnant·
421 2101 452 2154 et
469 2093 612 2173 operculo
629 2111 735 2160 eorum
748 2095 847 2172 picato
861 2093 940 2154 dolio
958 2095 1067 2158 iterum

46 2179 222 2261 includunt,
242 2193 302 2242 neo
324 2199 384 2242 non
407 2181 498 2261 aliqui
521 2185 553 2245 in
576 2182 678 2244 lloeois
705 2184 875 2263 capsisque,
903 2201 977 2262 quas
1004 2183 1067 2246 luto

46 2269 165 2348 paleato
188 2269 331 2352 inlinunt3
354 2270 403 2331 alii
426 2271 482 2332 hoc
506 2271 586 2332 idem
608 2273 640 2332 in
662 2273 771 2350 patinis
794 2271 949 2352 fictilibus,
976 2272 1068 2352 aliqui

47 2360 131 2418 etin
149 2357 255 2419 scrobe
275 2357 414 2424 subiecto
431 2359 553 2440 harena,
574 2362 616 2420 ita
635 2361 713 2422 sicca
733 2362 873 2439 operiunt
891 2377 960 2432 mor
978 2369 1068 2424 terra.

17 2455 121 2508 raserat
154 2449 205 2525 qui
238 2455 362 2514 cotonea
394 2465 462 2510 cera
494 2448 618 2515 Pontica
650 2448 734 2510 inlita
765 2448 851 2515 mollo
885 2449 1067 2529 demergant.

46 2534 247 2597 Columella
265 2544 370 2601 auctor
388 2545 436 2598 est
453 2540 484 2598 in
503 2545 610 2617 paitcos
630 2540 811 2600 cisternasve
830 2552 905 2600 uuor
922 2540 954 2598 in
969 2539 1064 2606 fictili·
1085 2551 1118 2600 66

44 2623 102 2686 bus
124 2625 202 2686 vasis
215 2626 281 2714 pice
301 2625 434 2705 diligenti
453 2644 525 2687 cura
543 2625 637 2688 inlitis
655 2629 756 2706 mergi.
784 2626 904 2707 liguria
920 2629 1067 2694 maritima

121 2875 134 2922 1
156 2867 461 2925 umtis1n²ea.13aa.
490 2868 527 2924 ed
544 2869 635 2926 uentis
653 2869 737 2923 Neo.
766 2869 893 2926 auentis
910 2871 1067 2926 decidente

46 2937 189 3002 Bessan.
279 2946 297 2992 4
316 2941 526 3010 corruptoribus
544 2945 579 2996 Ι.
613 2940 742 2996 -tioribns
761 2957 805 2996 ro.
834 2942 1066 3011 efr.tue.p.101l.

48 3011 51 3079 ξ
72 3010 196 3066 recentis
214 3015 264 3068 no.
373 3015 388 3064 5
413 3011 526 3069 excluso
544 3011 627 3069 astat
653 3014 658 3079 l
682 3028 750 3066 auro
768 3012 812 3067 ³¹.
841 3015 936 3069 watto
955 3013 1063 3086 astiti

45 3098 131 3136 sorae
149 3081 255 3138 nDeat
330 3082 479 3152 'tpabnile
497 3101 521 3137 e.
548 3083 595 3138 uel
613 3082 729 3153 papnite
748 3101 772 3138 a.
789 3086 794 3150 l
814 3083 876 3153 ipso
893 3089 929 3138 Ι.
944 3085 988 3140 -in
1004 3085 1066 3156 ipso
1140 3125 1142 3130 .

44 3158 118 3206 nea.
146 3153 349 3222 ingypaoau.
422 3153 618 3211 esieflieex„
696 3159 920 3212 secundare.
947 3155 1065 3214 fanel.

121 3229 153 3276 11
173 3223 280 3278 seruari
293 3229 329 3284 Π.
358 3241 399 3278 ·re
412 3241 456 3280 ro.
531 3232 565 3280 14
584 3225 744 3294 siccatoque
758 3231 793 3280 Ι.
822 3229 932 3295 -tssque
950 3245 993 3282 re.

45 3301 78 3348 15
101 3296 208 3348 crelam
226 3311 251 3348 o.
284 3297 327 3350 -ta
343 3300 398 3350 nr.
485 3303 519 3350 1⁷
537 3296 725 3355 maturuerint
741 3297 886 3354 aeaeae
911 3297 916 3370 l
940 3299 1066 3368 calyccm

44 3363 294 3422 ded.Bae,Hard.
333 3367 450 3422 calicem
468 3369 653 3424 comante
661 3368 808 3426 BaaDal.
845 3369 952 3424 calcem
969 3371 1065 3426 sDetl.

119 3441 154 3492 19
174 3435 285 3498 abditos
304 3438 425 3494 clamant
442 3455 466 3496 o.
500 3438 596 3494 addito
620 3440 758 3499 subruunt
775 3440 846 3510 (aba
866 3441 892 3508 d)
912 3442 939 3495 u.
959 3469 961 3474 .
1031 3448 1063 3496 21

44 3507 180 3578 opereqlo
200 3552 205 3562 .
224 3549 231 3564 .
248 3510 343 3580 picato
362 3512 432 3564 corat.
447 3510 512 3564 Dal.
546 3510 588 3564 -lo
606 3551 612 3566 .
629 3553 634 3566 .
654 3513 697 3566 -la
716 3512 764 3566 llo.
842 3515 877 3568 24
896 3512 1024 3568 subiecta
1040 3531 1065 3568 o.

43 3583 87 3634 -to
103 3597 128 3630 a.
157 3580 286 3636 subtecto
304 3597 327 3634 r.
399 3587 433 3636 26
446 3597 515 3638 uvas
530 3597 577 3651 epo
588 3583 649 3638 coll.
661 3582 764 3638 Colum.
780 3585 840 3636 XII
844 3586 888 3648 44,
898 3588 924 3638 6.
944 3585 1065 3640 censui.

120 3656 152 3706 27
172 3651 320 3708 maritimis
340 3651 418 3708 Paua.

849 3741 905 3798 26*

1288 1976 1290 2088 l
