2624 3954
336 156 421 212 Nar.
439 155 531 214 His'n
551 156 604 212 xii
623 161 692 214 a-r
712 159 838 229 (to-14)
1030 157 1098 226 285

145 299 219 389 (13)
243 306 360 370 Genera
382 306 523 370 arborum
544 307 721 376 Macedones
742 325 901 370 narravere
925 311 1036 370 maimo
1061 327 1097 370 ex
1116 315 1150 364 to

79 404 164 478 parte
193 399 257 458 sine
286 394 466 458 nominibus.
517 404 624 468 estet
652 396 822 460 terebintho
853 397 957 459 similis
987 405 1097 480 cetera,

80 503 167 566 pomo
191 485 365 566 amygdalis,
392 486 507 546 minore
535 492 651 548 tantum
674 486 890 567 magnitudine,
918 488 1095 567 praecipuae
1138 509 1141 514 ·

81 575 241 655 suavitatis,
264 577 295 636 in
313 573 429 636 Bactris
452 577 565 654 utique.
602 573 677 636 hanc
700 575 792 655 aliqui
815 574 1006 639 terebinthon
1029 595 1096 638 esse

50 665 193 744 aproprii
215 666 335 742 generis
357 665 458 743 potius
482 681 571 743 quam
596 664 726 726 similem
754 667 782 726 ei
809 672 998 744 putaverunt.
1043 665 1096 727 scd

79 753 157 814 unde
181 759 279 814 restes
302 751 395 814 lineas
419 753 532 814 iacirrnt
554 752 632 814 loliis
654 771 740 815 moro
759 753 872 835 similis,
895 753 995 834 calyce
1013 759 1096 834 pomi

77 840 273 922 cynorrhodo.
312 849 425 904 serunt
448 859 513 904 eam
535 843 567 903 in
591 844 717 924 campis,
740 861 796 904 nec
819 851 866 904 cst
888 844 1000 922 gratior
1024 843 1094 904 ulla·

76 948 145 994 rum
167 937 354 1011 prospectus.

147 1014 180 1083 7.
204 1013 279 1102 (14)
303 1017 385 1082 Oliva
403 1018 503 1082 lndiac
526 1020 638 1085 sterilis
659 1010 869 1100 praeterquam
892 1019 1012 1082 oleastri
1035 1023 1096 1084 iru·
1115 1025 1150 1075 26

34 1124 62 1164 no
77 1114 153 1170 ctus.
198 1110 310 1188 passim
337 1122 420 1170 vero'
436 1126 511 1189 quae
539 1110 625 1188 piper
654 1111 780 1189 gignnm
809 1111 956 1189 iuniperis
985 1113 1096 1172 nostris

77 1197 199 1278 similes,
222 1215 401 1277 quamquam
424 1199 456 1258 in
474 1197 574 1259 fronte
587 1198 711 1268 Caucasi
729 1197 843 1260 solibus
862 1201 997 1278 opposita
1016 1201 1097 1280 gigni

77 1292 194 1347 tantum
222 1303 272 1350 eas
299 1285 390 1366 aliqui
421 1285 577 1350 tradidere.
623 1288 737 1348 semina
768 1305 791 1347 a.
816 1289 953 1368 iunipero
984 1289 1097 1350 distant

75 1374 208 1455 parvulis
232 1374 361 1457 siliquis,
389 1375 495 1454 quales
513 1377 545 1436 in
567 1375 709 1456 phasiolis
732 1369 875 1439 'videmus
911 1375 976 1438 vhae
998 1379 1095 1456 prius·

77 1481 168 1542 quam
185 1462 340 1526 dehiscant
362 1463 522 1546 decerptae
544 1472 699 1544 tostaeque
722 1464 784 1526 sele
808 1465 921 1527 iaciunt
944 1467 1023 1544 quod
1046 1485 1096 1526 ro·
1123 1487 1142 1502 ⁴
1175 1531 1178 1536 ,

34 1566 62 1608 aa
78 1559 164 1614 catur
186 1553 273 1632 piper
295 1551 431 1635 longum,
451 1553 594 1633 paulatim
615 1571 686 1616 vcro
711 1553 899 1640 dehiscentes
926 1557 1096 1617 maturitate

78 1640 241 1704 ostendunt
271 1641 429 1726 candidum
457 1645 557 1724 piper,
589 1643 669 1722 quod
700 1642 807 1706 deinde
838 1650 953 1704 tostum
981 1642 1096 1706 solibus
1183 1673 1185 1680 ·

78 1728 178 1791 colore
202 1731 344 1810 reisque
371 1738 511 1804 mutatur.
557 1749 663 1794 rerum
690 1739 720 1792 et
746 1731 793 1792 his
821 1750 874 1794 sua
902 1733 1011 1794 iniuria
1039 1739 1094 1815 est,
1113 1735 1148 1784 2⁷

78 1827 167 1898 atque
187 1749 260 1882 caefi
282 1821 458 1900 intemperie
482 1819 697 1882 carbunculant
719 1820 853 1899 fiuntque
878 1823 990 1882 semina
1013 1840 1097 1886 cassa

79 1916 110 1970 et
132 1910 244 1990 inania,
266 1909 347 1988 quod
369 1916 477 1970 vocant
496 1908 625 1988 bregma.
643 1910 687 1969 sic
709 1908 852 1970 ludorum
878 1908 979 1988 lingua
1006 1912 1095 1988 signi·

29 1998 184 2060 concanae
212 2005 373 2062 mortuum.
418 1995 475 2058 hoc
503 2015 539 2058 ex
567 1999 650 2057 omni
680 2014 790 2075 genere
822 1999 1019 2075 asperrimum
1051 2005 1098 2059 est

77 2086 319 2164 levissimumque
344 2092 374 2146 et
395 2084 546 2166 pallidum,
569 2086 682 2163 gratius
701 2085 830 2165 nigrum,
851 2084 949 2146 lenius
967 2092 1096 2164 utroque

78 2173 246 2234 candidum.
286 2191 347 2234 non
370 2181 416 2238 est
438 2171 528 2234 huius
550 2171 667 2234 arboris
694 2170 790 2253 radix,
818 2179 852 2234 ut
878 2171 971 2252 aliqui
997 2175 1096 2235 existi·
1116 2173 1150 2226 28

79 2279 211 2344 manere,
234 2261 314 2341 quod
337 2268 443 2322 vocant
464 2260 621 2344 zingiberi,
644 2261 694 2323 alii
717 2271 787 2322 vero
810 2259 967 2342 zinpiberi,
995 2279 1095 2342 quam·

79 2367 168 2429 quam
196 2369 301 2430 sapore
328 2349 433 2412 simile.
479 2349 509 2413 id
538 2352 618 2412 enim
644 2352 676 2411 in
699 2347 806 2410 brabia
834 2357 923 2430 atque
947 2348 1096 2430 ngodp·

27 2441 137 2501 natica
155 2439 280 2501 invillis
299 2441 432 2500 nascitur
450 2457 538 2518 parva
557 2437 661 2521 herba,
680 2437 779 2500 radice
798 2438 929 2500 candida
957 2438 1097 2501 celeriter

78 2547 114 2590 ea
137 2531 248 2591 cariem
271 2530 372 2610 sentit,
395 2529 529 2608 quamvis
552 2530 583 2589 in
607 2536 688 2590 tanta
716 2527 921 2590 amaritudine.
966 2530 1097 2608 pretium

151 2787 366 2844 tterebinthon
382 2793 413 2842 n.
446 2787 539 2843 -thum
557 2804 601 2842 ro.
693 2794 806 2843 tmoro
824 2787 890 2842 nlo.
923 2787 1011 2843 mollo
1030 2786 1095 2843 Μ

77 2859 161 2915 molli
178 2878 203 2914 a.
226 2859 356 2919 odorati.
429 2865 553 2928 'lneque
571 2862 645 2912 itud„
668 2875 721 2913 nec
740 2857 832 2928 (litio.
906 2863 957 2914 ua
975 2859 1097 2914 ullarum

76 2930 253 2987 It¹eddoute
259 2931 351 2986 Hand.
369 2930 502 2986 uillarum
516 2931 627 2985 rHucd.
646 2929 791 2992 vinearum
802 2931 879 2986 Piut.
893 2930 953 2985 coll.
963 2929 1096 2998 aanor.

75 3004 105 3060 t.
115 3003 157 3072 pl.
172 3005 221 3056 IV
225 3007 251 3069 4,
261 3008 288 3058 8.
362 3009 394 3058 13
413 3001 550 3073 phasiolis
568 2999 736 3071 Barbati).
762 3001 894 3071 paasiolia
911 3001 1096 3058 Bittidoctt.

74 3073 161 3146 pasin
183 3073 314 3144 passiolie
337 3092 362 3130 a.
395 3072 510 3136 faceolis
528 3073 646 3128 edBos.
756 3078 789 3127 15
813 3071 1007 3129 maturitatem
1028 3073 1096 3127 11⁸¹.

73 3161 130 3217 per
151 3145 346 3203 maturitatem
368 3144 461 3199 alcdd.
472 3148 535 3200 cote
544 3143 601 3208 oet.
700 3147 733 3205 18
746 3143 993 3198 carbmculantnr
1010 3144 1096 3198 dcdd.

75 3221 143 3278 cete
156 3216 222 3278 ,Sili
249 3217 300 3284 cfr.
314 3217 374 3278 ,luc
389 3232 419 3284 p.
429 3220 474 3271 99.
495 3215 500 3284 l
520 3231 600 3278 casca
617 3214 703 3272 Dido.
732 3229 814 3270 casca
831 3231 855 3269 r.
929 3220 961 3268 19
978 3214 1098 3282 ¹bregmn

76 3287 131 3414 si}
138 3289 228 3426 {mi}
243 3289 276 3413 ἐξ
293 3288 352 3343 iud.
372 3287 461 3412 ῐὶζιτὲὲ
479 3286 612 3412 bigefima
630 3285 959 3412 ·⁸i⁰p¹4³1²BZn⁰J}1b{⁰m³
982 3301 1021 3408 52ιὲ
1039 3283 1097 3409 ΖΕ

75 3375 138 3414 c.
190 3377 231 3414 t.
274 3374 419 3414 nomano
530 3373 685 3412 cmasme
724 3373 759 3412 .o
844 3373 905 3413 or.

76 3428 171 3500 green
188 3435 220 3484 n.
258 3429 333 3500 sang-
352 3447 375 3486 ν.
405 3432 410 3497 l
443 3415 580 3499 sapiam
597 3428 737 3484 ueneno.
752 3427 826 3482 zanoa.
862 3425 949 3494 zimp-
967 3425 1095 3482 anuto.

76 3499 162 3554 aimu-
178 3499 224 3560 ni
256 3500 403 3570 zimpiperi
420 3499 480 3562 a'„
567 3503 600 3556 25
623 3499 653 3554 in
670 3497 748 3561 uillis
765 3498 824 3552 rte.
855 3495 940 3551 vilius
959 3495 1043 3550 Sator.
1062 3496 1096 3550 cle

73 3571 142 3642 lapte
156 3588 185 3640 p.
196 3571 308 3630 wop
326 3572 385 3627 coll.
404 3571 498 3626 Dioec.
512 3573 621 3635 11189.
644 3585 691 3640 ego
709 3569 803 3624 malim
821 3567 851 3620 in
869 3564 955 3620 silvis.
977 3565 983 3632 l
1005 3581 1095 3634 parua

73 3642 169 3698 herba
186 3647 218 3698 n.
245 3659 350 3715 paruae
366 3642 472 3701 herbae
490 3646 584 3698 nudo.
1023 3687 1026 3692 .
