2620 3948
290 145 375 200 Nau.
394 145 486 200 Htsu.
504 145 544 200 tx
562 151 668 202 as-aa
688 149 813 218 (co-ca)
1009 149 1072 214 145

61 303 132 373 quot
162 292 290 354 habeant
321 311 423 356 annos.
479 292 623 355 bucinum
655 297 773 356 nonnisi
805 299 898 375 petris
931 295 1071 360 adhaeret

61 385 196 461 circaque
219 382 358 462 scopulos
380 382 498 461 legitur.

126 466 183 533 37.
206 470 360 550 Purpureo
383 473 503 532 nomine
527 471 584 532 alio
606 472 737 552 pelagiae
761 482 912 534 vocantur.
959 493 1062 536 eartrm
1073 481 1122 534 131

60 577 168 638 genera
190 559 276 639 plura
298 559 407 640 pabulo
435 567 466 620 et
488 559 553 620 solo
574 560 716 622 discreta:
745 561 861 626 lutense
888 571 978 642 putre
1001 563 1071 625 limo

36 657 89 708 set
112 647 231 728 algense
254 651 420 710 enutritum
442 648 519 729 alga,
547 648 723 712 vilissimum
750 656 920 730 utrumque.
966 651 1072 714 melius

59 739 211 798 taeniense
239 739 270 798 in
297 739 404 802 taeniis
431 739 521 798 maris
549 737 721 819 collectum,
750 737 807 798 hoc
831 757 949 818 quoque
973 749 1071 802 nmen

60 828 221 888 etiamnum
257 825 351 888 levius
387 833 476 904 atque
513 825 644 888 dilutius
704 827 871 890 calculense
908 829 1072 908 appellatur

60 933 75 974 a
97 914 211 976 calculo
234 917 324 976 maris
347 916 435 976 mire*
446 922 548 994 aptum
571 915 741 997 conchyliis,
765 923 795 976 et
817 914 903 995 longe
926 920 1072 996 optimum
1164 953 1167 957 ·

58 1005 200 1083 purpuris
223 1003 400 1084 dialutense,
423 1003 453 1065 id
476 1011 524 1064 est
545 1007 625 1064 vario
649 1004 705 1064 soli
723 1021 833 1084 genere
851 1012 978 1084 pastum.
1015 1025 1061 1066 oa·
1074 1021 1124 1071 aaa

24 1107 47 1146 n
58 1094 182 1176 piantur
201 1099 300 1153 autem
317 1109 468 1171 purpurae
487 1092 617 1172 parvulis
635 1096 770 1172 rarisque
790 1101 875 1154 textu
895 1093 987 1156 veluti
1005 1113 1070 1156 nas-

59 1182 99 1240 sis
128 1183 159 1242 in
189 1179 247 1242 alto
276 1183 370 1242 iactis.
415 1183 495 1242 inest
523 1180 569 1241 his
598 1199 680 1263 esca,
710 1181 830 1256 clusiles
857 1182 1070 1261 mordacesque

59 1269 198 1350 conchae,
223 1284 279 1330 ceu
302 1269 422 1332 mitulos
445 1269 587 1332 videmus.
632 1269 686 1330 has
710 1273 874 1332 semineces
898 1270 950 1332 sed
973 1271 1070 1332 reddi·

59 1365 101 1417 tas
124 1360 200 1420 mari
222 1357 306 1418 audo
329 1357 413 1419 hiatu
434 1359 646 1419 reviviscentes
666 1359 810 1439 adpetunt
831 1373 983 1439 purpurae
1002 1377 1070 1440 por·

55 1443 209 1527 'rectisque
239 1447 349 1526 linguis
379 1447 530 1508 infestant.
580 1455 610 1507 at
637 1446 704 1508 illae
735 1448 837 1510 aculeo
868 1448 1071 1510 exstimulatae

25 1549 47 1588 15
60 1535 200 1597 claudunt
227 1553 294 1596 sese
324 1537 583 1615 comprimuntque
613 1537 786 1598 mordentia.
836 1539 877 1598 ita
905 1537 1071 1616 pendentes

42 1624 196 1687 ‚aviditate
219 1643 273 1685 sua
294 1643 446 1705 purpurae
469 1623 624 1686 tolltmtur.

124 1707 184 1776 38.
208 1706 282 1796 (62)
306 1711 378 1793 Capi
397 1729 447 1773 eas
469 1721 537 1792 post
555 1716 637 1774 canis
656 1720 755 1774 ortum
774 1721 824 1774 aut
847 1723 916 1775 ante
937 1732 1063 1776 vernum
1073 1729 1123 1780 133

59 1809 177 1882 tempus
199 1801 400 1883 utilissimum,
423 1804 571 1882 qnoniam,
595 1819 664 1864 cum
682 1803 880 1883 ceriflcavere,
902 1803 998 1865 ituros
1021 1803 1071 1864 ha·

59 1889 129 1952 hent
151 1902 250 1952 sucos.
297 1891 349 1952 sed
377 1890 408 1951 id
435 1892 634 1970 tinguentium
662 1891 797 1952 officinae
821 1893 972 1972 ignorant,
1003 1911 1072 1953 cum

24 1991 173 2040 asumma
196 1987 330 2040 vertatur
352 1981 384 2040 in
407 1997 451 2040 eo.
496 1980 637 2040 eximitur
659 1986 762 2058 postea
790 1997 863 2038 vena
887 1997 974 2058 quam
997 1980 1071 2040 dixi-

60 2085 133 2149 mus,
157 2070 207 2129 cui
226 2067 293 2128 addi
311 2068 404 2128 salem
422 2069 635 2148 necessarium,
655 2069 800 2128 sextarios
818 2067 911 2127 ferme
931 2077 1072 2130 centenas

60 2159 89 2216 in
111 2157 219 2238 lihras3
241 2158 386 2218 macerari
408 2156 507 2217 triduo
530 2158 651 2237 iustum,
675 2157 785 2234 quippe
808 2163 891 2216 tanto
914 2158 1008 2216 maior
1028 2159 1072 2216 vis

61 2254 169 2324 quanto
193 2248 353 2327 recentior,
381 2246 497 2306 fervere
520 2247 551 2306 iu
574 2243 709 2325 plumbo,
736 2243 866 2322 singulas
889 2259 989 2322 aquae
1013 2263 1072 2304 anr-

61 2333 167 2412 phoras
195 2333 363 2411 [centenas]
393 2341 482 2414 atque
510 2335 726 2412 quingentenas
752 2331 956 2394 medicaminis
982 2332 1073 2392 lihras

27 2427 175 2502 sanquali
199 2442 233 2483 ac
256 2422 372 2484 modico
395 2440 503 2502 uapore
527 2424 637 2482 torreri
664 2430 694 2482 et
716 2420 783 2481 ideo
811 2421 988 2500 longinquae
1014 2422 1072 2481 sor·

62 2515 140 2573 nacis
164 2512 312 2577 corniculo.
353 2514 395 2572 ita
412 2510 596 2590 despumatis
615 2509 740 2570 subinde
760 2509 909 2592 carnibus,
932 2527 1005 2588 quas
1024 2510 1072 2570 ad·

62 2598 192 2662 haesisse
215 2602 298 2661 venis
321 2618 444 2661 necesse
469 2607 524 2680 est,
549 2599 664 2660 decimo
687 2599 781 2660 ferme
805 2597 851 2658 die
874 2597 986 2676 liquata
1008 2617 1072 2659 cor·

31 2745 33 2753 ,
64 2691 122 2749 tina
140 2690 236 2751 vellus
255 2689 427 2751 elutriatum
444 2690 590 2768 mergitur
607 2690 640 2748 in
658 2688 895 2766 experimontum
917 2695 955 2767 et,
977 2687 1072 2748 donec

65 2781 125 2855 spei
148 2781 221 2840 satis
243 2779 308 2859 fiat,
338 2781 437 2838 uritur
460 2777 566 2856 liquor.
612 2773 724 2836 rubens
747 2774 829 2836 color
859 2777 995 2854 nigrante
1023 2776 1071 2836 de·

30 2868 162 2929 euenor.
208 2869 308 2946 quinis
335 2866 400 2926 lana
427 2873 511 2946 potat
537 2865 620 2926 horis
643 2882 808 2943 rursusque
832 2866 978 2944 mergitur
1001 2879 1128 2933 ου’-134

64 2957 183 3037 minata,
213 2956 306 3016 donec
336 2973 455 3016 omnem
486 2953 585 3015 ebibat
614 2955 734 3014 saniem.
784 2951 926 3014 bucinum
956 2971 1010 3032 por
1040 2971 1072 3012 se

133 3205 149 3252 6
167 3197 268 3252 taeniis
278 3195 366 3252 Turn.
376 3197 438 3252 odo.
448 3201 475 3263 9,
486 3200 511 3250 5.
530 3194 707 3254 caeneeittr.
723 3194 856 3252 tenaeiB.
876 3194 967 3250 mein.
987 3193 1073 3247 -niid

134 3275 148 3322 ‘i
170 3269 327 3324 calculense
345 3269 436 3322 Haud.
467 3267 614 3320 cauculose
633 3265 699 3320 Βί.
727 3281 787 3320 -sae
805 3267 829 3319 d.
854 3265 923 3320 -lese
942 3282 965 3318 r.
991 3267 995 3332 Ι
1026 3281 1073 3334 ap-

67 3337 185 3404 pellatur
202 3339 303 3406 Hasd„
322 3341 417 3394 -antur
435 3339 462 3392 ll.
531 3339 651 3391 Smaris
669 3354 695 3394 c.
723 3353 764 3391 -re
783 3341 807 3390 d.
835 3337 871 3390 -ri
888 3353 911 3390 r.
980 3335 1074 3389 odia-
1129 3365 1132 3371 ·

68 3405 172 3464 lutense
189 3428 213 3465 o.
241 3411 310 3465 -lno-
329 3411 358 3464 ll.
430 3414 463 3463 to
483 3408 629 3478 pendentis
646 3413 678 3462 R.
751 3412 785 3461 18
804 3407 892 3462 fluxos
910 3423 935 3459 u.
965 3423 1026 3458 -xus
1046 3407 1074 3460 ll.

136 3486 167 3534 at
188 3481 275 3538 salem
293 3481 364 3536 altit
393 3481 494 3538 -lutem
512 3498 535 3535 r.
607 3485 641 3534 23
661 3495 750 3548 aquae
768 3479 886 3534 insanit
903 3477 996 3532 Ianus
1014 3491 1076 3530 eum

71 3548 125 3602 edd.
141 3557 201 3608 vett.
228 3553 338 3622 lneque
356 3553 384 3608 ll.
461 3558 497 3608 24
515 3553 645 3608 centenas
663 3551 713 3606 del.
732 3549 805 3606 Detl.
840 3552 844 3618 Ι
878 3550 963 3614 atque
982 3547 1010 3602 ll.
1038 3545 1075 3601 ad
1165 3581 1166 3584 =

71 3616 156 3676 Hert
182 3639 271 3692 equae
289 3624 362 3680 Detl.
435 3629 469 3678 25
489 3623 601 3692 aequali
619 3623 719 3678 Ianus.
747 3621 802 3674 -ari
819 3620 877 3674 ltu.

119 3710 183 3752 Puer.
198 3723 253 3756 aaa.
268 3725 329 3756 ursa.
356 3716 388 3760 H.
880 3711 913 3758 1⁰
