2612 3962
360 145 444 200 usu.
463 143 556 200 urse.
575 143 628 200 xv
647 151 734 202 7-10
754 147 844 217 (r-s)
1047 143 1112 212 395

88 311 166 354 risus
185 301 232 354 cst
250 293 287 354 ad
305 292 449 372 quaedam
469 312 577 374 genera
597 294 779 357 morborum.
810 297 1058 375 existimaturque
1080 304 1125 356 et*

89 381 178 443 ebori
207 382 384 444 vindicando
416 401 432 442 a
465 385 545 444 carie
576 383 649 449 utile
683 401 758 444 esse.
804 391 885 446 certe
918 384 1111 446 simulacrum

90 470 216 532 Saturni
239 470 349 532 Romae
372 472 454 532 intus
477 471 544 532 oleo
566 472 715 552 repletum
738 480 793 534 est.

160 553 195 622 8.
219 551 272 642 (8)
297 559 394 639 Super
413 563 512 622 omnia
529 576 601 622 vero
619 560 780 622 celebravit
801 574 952 622 amurcam
973 560 1110 622 laudibus
1129 567 1163 617 33

58 647 187 710 allato.
224 647 303 710 dolia
320 647 430 709 dearia
450 649 599 729 cadosque
617 649 667 711 illa
689 649 792 731 imbui,
816 668 856 711 ne
876 649 981 711 bibant
1001 649 1112 731 oleum,

90 755 214 798 amurca
232 735 330 816 subigi
349 753 433 798 arcas
452 738 585 800 terendis
601 739 761 819 messibus,
784 748 818 801 ut
841 739 982 800 formicae
1005 740 1111 800 rimae·

90 843 152 905 quc
174 825 286 906 absint,
313 827 386 904 quin
413 834 444 887 et
466 826 563 888 lutum
589 829 738 906 parietum
767 845 800 888 ac
823 829 950 889 tectoria
973 834 1003 888 et
1032 825 1111 906 pali·

90 923 193 976 menta
209 913 389 976 horreorum
406 914 557 995 frumenti,
575 919 713 977 vestiaria
731 918 820 978 etiam
839 923 943 978 contra
960 915 1112 978 teredines

90 1021 126 1064 ao
148 1005 238 1064 noxia
260 1002 431 1064 animalium
453 1021 574 1065 amurca
596 1007 728 1086 aspergi,
755 1007 869 1066 semina
896 1005 1017 1084 frugum
1043 1021 1112 1084 per·

44 1113 76 1154 ro
90 1091 185 1154 fundi.
227 1090 341 1153 morbis
363 1091 589 1175 quadripedum,
611 1093 754 1155 arborum
777 1111 896 1173 quoque
920 1093 969 1154 illa
991 1093 1112 1154 meden·
1176 1119 1180 1124 ·

90 1182 180 1261 dum,
211 1175 326 1242 eiilnaci
355 1180 394 1240 ad
425 1179 526 1242 ulcera
558 1184 703 1243 interiora
735 1181 857 1244 humani
889 1197 1008 1262 quoque
1041 1183 1111 1242 oris.

89 1263 155 1330 lora¹
178 1271 267 1330 etiam
290 1278 321 1331 et
344 1271 425 1330 coria
448 1272 547 1330 omnia
571 1278 600 1332 et
624 1271 802 1332 calceamina
830 1286 959 1350 axesque
987 1270 1111 1332 decocta
1129 1277 1165 1325 34

89 1360 199 1439 ungui,
231 1365 321 1438 alque
343 1365 512 1420 aeramenta
535 1351 640 1420 eontra
663 1361 848 1441 aeruginem,
881 1359 990 1420 eoloris
1018 1361 1123 1438 gratia>

89 1447 282 1526 elegantioris
306 1454 336 1507 ct
352 1453 446 1507 totam
466 1447 681 1527 supellectilem
703 1448 839 1530 ligneam,
862 1465 897 1509 ac
919 1463 989 1508 vasa
1011 1447 1113 1509 iiotilia

44 1539 123 1601 151'11
146 1538 216 1615 quis
237 1535 328 1597 ficum
351 1532 464 1596 aridam
485 1535 576 1598 libeat
599 1538 769 1618 adservare,
793 1544 845 1598 aut
866 1539 893 1598 si
915 1536 984 1598 lolia
1007 1535 1109 1597 bacas·

87 1640 150 1705 que
173 1627 206 1685 in
227 1626 321 1704 virgis
342 1626 432 1704 myrti
454 1623 570 1686 aliudve
594 1626 679 1706 qnod-
697 1642 792 1706 genus
816 1625 921 1687 simile.
957 1633 1111 1706 postremo

85 1715 171 1794 ligna
199 1721 347 1774 macerata
374 1730 494 1774 amurca
521 1714 602 1776 nullo
630 1715 705 1776 inuri
732 1714 829 1776 taedio
857 1715 972 1776 ardere.
1018 1713 1114 1776 oleam
1229 1754 1231 1758 -

86 1806 118 1865 si
147 1800 304 1863 lambendo
334 1819 423 1881 eapm
451 1800 551 1882 lingua
585 1806 744 1883 eontigerit
774 1803 986 1883 depaveritque
1015 1805 1112 1882 primo

86 1893 274 1972 germinatu,
296 1889 484 1951 sterilescere
508 1899 612 1952 auctor
634 1899 681 1952 est
703 1892 739 1952 bl.
754 1891 874 1953 Varro.
893 1969 896 1976 .
915 1900 945 1952 et
967 1891 1113 1952 hactenus

43 2005 71 2045 so
86 1981 128 2042 de
152 1979 217 2040 olea
240 1987 328 2058 atque
355 1978 430 2040 oleo.
788 2021 791 2026 ,

151 2063 195 2130 s.
225 2061 277 2150 (9)
300 2065 418 2146 Reliqui
445 2067 733 2130 arborumfructns
762 2068 811 2128 vix
841 2068 941 2146 specie
970 2067 1111 2147 figurare,
1130 2073 1165 2121 35

86 2175 152 2219 non
176 2155 263 2218 modo
287 2155 444 2235 saporibus
467 2159 607 2236 sucisque
631 2159 742 2217 totiens
764 2157 920 2236 permixtis
948 2163 1038 2234 atque
1066 2157 1110 2216 in·

88 2248 172 2328 sitis,
196 2247 365 2306 enumerari
388 2253 513 2324 queunt.

162 2329 221 2396 10.
244 2333 465 2394 Grandissimus
488 2335 584 2413 pineis
608 2332 736 2394 nucibus
759 2332 961 2412 altissimeque
986 2349 1112 2410 suspen·

42 2449 71 2492 se
87 2443 153 2487 sus.
198 2425 280 2484 intus
303 2421 395 2483 exiles
418 2421 541 2483 nucleos
564 2421 709 2484 lacunatis
731 2419 859 2483 includit
879 2422 965 2503 toris,
986 2422 1112 2481 vestitos

88 2515 149 2576 alia
171 2505 333 2592 ferruginis
354 2513 465 2594 tunica,
492 2512 568 2572 mira
590 2519 714 2572 naturae
742 2527 814 2572 cura
841 2509 971 2571 molliter
998 2510 1113 2570 semina

89 2600 276 2664 conlocandi.
320 2599 426 2662 harum
449 2618 545 2681 genus
568 2599 695 2660 alterum
718 2599 897 2660 Tarentinae
923 2597 1025 2678 digitis
1054 2597 1111 2658 lra-

88 2691 144 2772 gili
165 2691 317 2770 putamine
340 2692 497 2769 avirrmque
521 2689 601 2750 furto
624 2689 656 2749 in
679 2687 795 2749 arbore.
841 2695 872 2748 et
899 2689 1023 2748 tertium
1046 2703 1111 2765 sap·
1130 2693 1166 2742 36

88 2782 156 2861 pinl
178 2780 298 2858 eploea
321 2779 421 2858 sativa,
445 2777 621 2838 nucleorum
644 2785 714 2838 oute
733 2778 834 2838 verius
853 2792 943 2856 quam
960 2777 1113 2855 putamine

129 3013 132 3020 .
165 2983 430 3053 texistimeturqna
448 2983 562 3054 epulare.
572 2997 603 3052 p.
613 2987 680 3040 126.
713 2986 772 3037 bur
788 2982 838 3051 qui
855 2987 890 3037 Ι.
920 2984 979 3036 ·tnr
993 2995 1042 3037 vru.

87 3060 297 3116 4amnrea1.
374 3063 553 3110 damurcam
571 3058 620 3108 Μ.
644 3055 648 3123 l
669 3055 764 3124 subigi
780 3059 837 3108 le.
865 3053 915 3108 -ioi
932 3056 979 3106 ed.
1007 3050 1067 3106 -iici
1085 3056 1113 3106 τ.

90 3129 143 3185 -iri
154 3145 177 3184 r.
246 3130 263 3180 8
276 3126 411 3180 uestiaria
422 3130 459 3180 Ι.
484 3123 555 3179 -ium
567 3125 694 3180 Medo.
717 3125 792 3180 best
805 3124 849 3178 nt
918 3129 934 3178 9
950 3121 1115 3178 animalium

88 3207 130 3256 Ι.
157 3199 199 3254 -ia
216 3213 261 3253 ro.
334 3203 366 3251 11
386 3196 501 3252 efficace
519 3198 576 3264 1„
629 3201 662 3251 ts
682 3195 834 3251 colorisl.
863 3195 1026 3264 -risqneru
1050 3193 1114 3248 diat.

89 3289 150 3348 epo.
181 3268 232 3336 cfr.
248 3266 416 3334 Outa98,2.
493 3273 526 3322 to
544 3266 575 3321 in
592 3265 681 3336 uirgis
697 3265 888 3322 Μάραθα.
920 3265 1011 3320 atui·
1028 3281 1053 3319 r.
1086 3267 1116 3318 et

90 3347 189 3416 uirgas
208 3338 410 3394 educendo.
496 3343 529 3394 ll
547 3337 627 3394 nullo
644 3337 714 3392 Μ.
742 3337 777 3391 -li
794 3335 911 3392 wne.
940 3337 1006 3390 -lius
1024 3333 1115 3404 d(?)o.

91 3419 132 3478 l!
166 3417 201 3469 at
220 3408 425 3466 fructuosisl.
458 3410 534 3464 -iuus
552 3408 625 3466 Deli.
711 3414 747 3464 24
765 3409 852 3479 piceis
871 3413 906 3463 ι
991 3411 1027 3460 ib
1045 3406 1115 3460 toris

92 3494 174 3546 Udo.
204 3481 298 3540 oriar.
370 3487 404 3536 at
422 3479 578 3535 tarentinae
596 3479 710 3535 aHard.
782 3485 870 3536 2839
884 3477 1116 3548 sappinieunr,

93 3559 209 3691 “ilidii
224 3551 811 3692 l'·at⁸⁰.tatuttrtbttpltb
828 3550 974 3677 atium
993 3563 1008 3602 ⁶
1027 3549 1116 3602 Bm·
