2620 3948
389 553 426 626 c.
453 553 588 626 runnu
616 553 821 628 suenum

258 679 590 770 Nerunlnls
619 681 945 772 Hieroclen

478 833 612 900 LIBER
635 833 725 900 VIII.

162 1097 196 1165 l.
230 1097 282 1185 (1)
328 1103 371 1164 ld
401 1104 515 1183 reliqua
542 1112 728 1167 transeamus
758 1105 893 1166 animalia
921 1113 953 1166 et
979 1108 1143 1185 primuml

84 1193 256 1254 terrestria.

113 1317 115 1321 -
159 1279 320 1341 Maximum
338 1288 384 1341 est
402 1279 542 1361 elephans
560 1283 788 1361 proximumque
806 1281 944 1343 humanis
963 1281 1109 1363 sensibus,

87 1373 204 1450 quippe
227 1368 396 1432 intellectus
416 1367 475 1430 illis
499 1372 645 1431 sermonis
662 1371 751 1451 patrii
775 1377 805 1432 et
821 1371 1016 1450 imperiorum
1040 1370 1108 1431 obe·

58 1459 213 1539 odientia,
236 1459 404 1519 officiorum
427 1476 503 1536 qnae
521 1458 652 1519 didicere
676 1461 818 1521 memoria
843 1457 980 1536 [amoris]
1000 1467 1030 1519 et
1048 1459 1108 1540 glo-

88 1549 155 1608 riae
185 1544 334 1628 voluptas,
365 1549 456 1608 immo
485 1565 569 1630 vero,
601 1566 677 1627 quae
708 1549 797 1608 etiam
826 1550 857 1609 in
884 1549 1004 1608 homine
1034 1567 1109 1629 rara,

89 1635 240 1718 probitas,
264 1634 435 1718 prudentia,
463 1637 609 1717 aequitaS,
636 1637 741 1715 religio
764 1655 883 1716 quoque
907 1637 1039 1697 siderum
1062 1655 1108 1696 so-

90 1725 189 1804 lisque
217 1743 251 1786 ac
274 1724 361 1785 lunae
385 1727 545 1786 veneratio.
591 1732 729 1786 auctores
758 1732 828 1785 suut
855 1726 886 1786 in
909 1725 1143 1789 Mauretaniaee

92 1813 218 1874 saltibus
236 1812 273 1875 ad
287 1812 434 1892 quendam
452 1831 570 1875 amnem
584 1814 633 1874 cni
651 1831 759 1874 nomen
774 1821 821 1874 est
834 1814 929 1874 Amilo
943 1816 1108 1875 nitescente

50 1902 164 1962 1oluna
186 1921 261 1964 nova
285 1920 391 1980 greges
414 1919 518 1963 eornm
537 1901 720 1963 descendere
742 1900 851 1981 ibique,
867 1919 899 1962 se
917 1903 1110 1981 purificantes

94 1991 278 2054 sollemniter
300 2009 375 2070 aqua
394 1992 608 2071 circumspergi
631 1998 721 2069 atque
744 1992 785 2052 ita
808 1990 933 2051 salutato
957 1991 1055 2052 sidere
1077 1993 1109 2051 in

95 2079 182 2141 silvas
205 2082 316 2141 reverti
338 2079 499 2140 vitulorum
522 2081 659 2158 fatigatos
681 2096 753 2158 prae
776 2097 809 2138 se
828 2079 968 2140 ferentes.
997 2077 1109 2139 alienae
1128 2095 1143 2140 a

96 2186 214 2248 quoque
238 2168 390 2248 religionis
407 2167 562 2229 intellectu
582 2166 748 2228 creduntur
765 2169 858 2228 maria
877 2168 1032 2227 transituri
1050 2184 1110 2226 non

96 2265 163 2319 ante
186 2276 275 2318 naves
298 2258 499 2318 conscendere
521 2275 610 2336 quiam
633 2257 747 2317 invitati
768 2257 895 2316 rectoris
918 2253 1110 2315 iureiurando

54 2363 83 2404 ac
98 2346 133 2407 dc
155 2347 268 2427 reditu,
297 2348 412 2426 visique
436 2353 506 2407 sunt
528 2347 600 2406 lessi
624 2345 821 2425 aegritudine,
851 2342 970 2422 quando
993 2342 1110 2403 stillas

97 2433 189 2497 moles
211 2437 352 2496 infestant
374 2434 483 2516 morbi,
513 2433 621 2495 herbas
645 2435 744 2512 supini
767 2435 798 2493 in
822 2431 936 2493 caelum
959 2434 1110 2512 iacientes,

98 2525 187 2586 veluti
208 2523 316 2584 tellure
338 2523 478 2602 precibus
501 2523 631 2602 allegata.
677 2540 745 2582 nam
769 2522 847 2601 quod
871 2521 907 2582 ad
930 2520 1111 2582 docilitatem

99 2617 201 2676 attinet
219 2630 321 2692 regem
339 2611 470 2694 adorant,
489 2630 585 2690 genua
599 2610 787 2692 submittunt,
805 2628 930 2672 coronas
944 2611 1109 2689 porrigunt.

99 2703 177 2764 lndis
199 2709 283 2762 arant
306 2703 451 2782 minoreS,
475 2717 549 2779 quos
573 2699 721 2780 appellant
743 2699 858 2760 nothos.

61 2808 87 2848 20
163 2787 194 2853 2.
218 2784 270 2872 (2)
299 2788 408 2850 Romae
432 2791 527 2851 iuncti
548 2791 679 2869 primum
702 2787 821 2849 subiere
845 2805 969 2848 currum
987 2786 1145 2866 Pompeis

100 2879 193 2958 llagni
216 2879 356 2938 Africano
383 2878 548 2959 triumpho,
578 2877 657 2956 quod
684 2879 769 2958 prius
791 2877 874 2937 lndia
901 2878 977 2937 victa
1004 2877 1109 2936 trium-

101 2969 205 3048 pbante
223 2966 332 3027 Libero
349 2974 434 3047 patre
454 2973 643 3027 memoratur.
669 2965 851 3026 Procilius
870 2972 958 3042 negat
975 2965 1109 3042 potuisse

102 3055 218 3136 Pompei
236 3055 387 3134 triumpho
410 3057 528 3116 iunctos
551 3055 652 3134 egredi
669 3061 763 3134 porta.
794 3052 962 3113 Germanici
976 3051 1110 3112 Caesaris
1190 3117 1193 3122 ,

103 3163 220 3206 munere
235 3145 407 3224 gladiatorio
422 3144 565 3222 quosdam
583 3146 672 3205 etiam
686 3142 853 3203 inconditos
871 3149 970 3202 motus
990 3138 1109 3201 edidere

168 3341 186 3388 t
207 3334 238 3388 in
254 3333 379 3403 priorum
396 3338 428 3387 B.
455 3331 614 3401 inpiorum
631 3330 668 3384 d‘.
696 3331 726 3385 in
743 3347 844 3400 porum
862 3329 899 3383 (1¹.
992 3333 1008 3381 b
1031 3328 1111 3382 unda

103 3406 199 3461 inclusi
216 3405 319 3460 amotis
337 3409 369 3458 ut
387 3404 523 3472 edittcpr.
538 3403 708 3473 syllabarum
725 3403 816 3456 moria
828 3407 933 3455 notum
989 3405 1005 3452 9
1025 3398 1110 3452 amilo

104 3479 158 3532 llo
184 3475 265 3530 Audo
289 3473 784 3545 Url.ebrest.ePtolcm.IV2,11.
866 3479 899 3526 16
921 3469 1056 3523 iacientes
1079 3473 1110 3520 B.

103 3548 220 3604 mentes
238 3563 260 3601 r.
321 3552 354 3601 19
372 3547 454 3601 notos
472 3549 525 3598 ed.
579 3551 612 3600 21
633 3543 720 3599 alnoo
738 3548 791 3596 Bel.
849 3548 884 3596 24
902 3543 994 3596 motus
1012 3538 1110 3595 We.

104 3621 223 3674 maestus
240 3622 271 3671 n.
299 3620 407 3672 meatus
426 3635 449 3671 r.
