2636 3952
217 121 283 186 194
569 118 598 172 C.
617 118 717 173 PLlNI
736 117 894 172 SECUNDI

162 269 381 330 147Hadrianis
404 268 468 329 laus
492 269 626 328 maxima.
673 265 826 328 columbae
851 267 973 326 deciens
1002 283 1078 326 anno
1106 268 1235 348 pariunt,

215 359 360 437 quaedam
391 365 422 417 et
452 357 629 436 undeciens,
662 358 693 416 in
721 356 853 434 Aegypto
884 371 955 414 vero
975 357 1075 416 'etiam
1107 355 1235 417 brumali

214 465 325 508 mense.
367 446 544 506 hirundines
568 453 598 504 el
621 444 752 504 merulae
776 452 807 504 et
829 443 961 522 palumbi
985 452 1014 505 et
1034 452 1169 505 turtures
1189 444 1235 504 bis

213 553 290 596 arrno
309 537 438 614 pariunt,
461 542 577 594 ceterae
602 552 670 594 aves
694 534 757 594 lere
781 533 881 593 semel.
922 532 1003 592 turdi
1022 534 1053 593 in
1073 535 1233 594 cacumini-

213 623 269 684 bus
292 623 433 684 arborum
451 622 514 683 luto
534 621 837 701 nidificantes-paene
861 624 1033 703 contextim,
1056 624 1087 682 in
1111 633 1259 682 secessn⁵

156 741 160 750 ⁴
212 720 365 791 generant.
397 713 514 772 accitu
533 711 637 772 decem
656 710 761 771 diebus
780 728 834 769 ora
853 718 1059 790 maturescunt
1082 711 1113 770 in
1137 718 1231 770 utero.
1302 763 1303 776 ,

212 803 325 861 vexatis
357 807 456 861 autern
487 798 610 879 gallinae
644 807 674 860 et
703 797 856 860 columbae
885 801 975 878 pinna
1009 798 1109 859 evulsa
1141 799 1233 860 aliave

150 966 152 970 Ι
212 889 300 950 simili
324 891 433 949 iniuria
455 887 578 949 diutius.

160 995 210 1045 148
275 976 421 1038 Omnibus
444 979 507 1037 ovis
530 978 562 1037 in
589 975 687 1036 medio
716 975 807 1036 vitelli
834 963 923 1055 parva
951 978 1030 1037 inest
1057 975 1138 1036 velut
1166 994 1232 1037 san-

212 1069 319 1169 guinea
346 1073 443 1147 gutta,
476 1064 555 1143 quod
584 1083 649 1124 csse
679 1082 731 1124 cor
758 1067 857 1125 avium
884 1067 1067 1147 existimant,
1099 1066 1231 1144 primunr
1247 1077 1272 1116 10

211 1158 242 1215 in
265 1156 347 1216 omni
370 1172 496 1234 corpore
520 1153 550 1214 id
574 1154 653 1232 gigni
683 1155 848 1233 opinantes.
893 1156 925 1215 in
953 1172 1008 1213 ovo
1037 1162 1119 1214 certe
1148 1162 1234 1232 gutta
1303 1159 1304 1208 ξ

212 1262 245 1303 ea
268 1242 336 1304 salit
356 1243 548 1323 palpitatque.
601 1244 699 1321 ipsum
730 1241 837 1303 animal
869 1260 905 1304 ex
938 1241 1004 1302 albo
1035 1241 1152 1321 liquore
1183 1245 1232 1304 ovi

211 1339 395 1412 corporatur.
442 1331 526 1392 cibus
550 1333 615 1391 eius
638 1333 669 1391 in
692 1330 774 1392 luteo
808 1338 863 1392 est.
908 1330 1046 1392 omuibus
1074 1334 1156 1392 iuius
1185 1349 1232 1391 ca-

210 1429 265 1500 put
287 1423 383 1480 maius
405 1428 469 1480 tcto
493 1437 632 1500 corpore,
666 1419 745 1480 oculi
773 1422 936 1499 compressi
969 1422 1064 1500 capite
1092 1421 1231 1480 maiores.

210 1513 397 1570 increscente
420 1507 502 1588 pullo
526 1507 637 1569 candor
660 1510 691 1568 in
714 1507 847 1569 medium
869 1510 1010 1589 vertitur,
1033 1509 1148 1569 luteum
1171 1511 1270 1569 cir-1⁵

147 1593 208 1666 '149
220 1597 434 1658 cumlunditur.
470 1598 632 1657 vicensimo
651 1596 698 1657 die
718 1599 743 1658 'si
762 1605 916 1658 moveatur
934 1615 1031 1679 ovum,
1054 1599 1112 1658 iam
1131 1599 1231 1658 viven-

210 1688 249 1746 tis
272 1688 350 1745 intra
374 1694 515 1764 putamen
543 1703 598 1745 vox
628 1685 758 1746 auditur.
803 1684 840 1745 ab
869 1686 974 1746 codem
1002 1692 1137 1765 tempore
1164 1685 1230 1765 plu-

209 1776 324 1855 mescit,
347 1776 388 1834 ita
410 1775 527 1853 positus
552 1782 585 1834 ut
608 1781 699 1853 caput
721 1792 811 1854 supra
831 1775 969 1836 dextrum
988 1775 1094 1853 pedem
1113 1773 1230 1856 lrabeat,

209 1863 343 1923 dextram
365 1880 436 1922 vcro
462 1862 537 1922 dam
560 1880 650 1941 supra
674 1855 789 1942 caput.
813 1862 931 1924 vitellus
954 1862 1096 1943 paulatim
1119 1862 1227 1922 delicit.

209 1969 277 2012 aves
301 1969 404 2040 omnes
427 1953 458 2012 in
476 1951 568 2031 pedes
593 1958 767 2033 nascuntur,
790 1959 894 2012 contra
918 1970 1006 2030 quam
1029 1951 1143 2029 reliqua
1166 1953 1226 2010 ani·
1243 1964 1269 2002 ιο

156 2059 207 2106 150
217 2040 312 2101 malla
331 2037 503 2118 quaedam
533 2039 657 2119 gallinae
688 2041 786 2100 omnia
816 2042 932 2118 gemina
962 2058 1015 2100 ova
1045 2042 1166 2120 pariunt
1200 2049 1229 2099 et

207 2131 342 2208 geminos
360 2129 512 2190 interdum
531 2127 701 2209 excludunt,
720 2136 754 2189 ut
768 2127 959 2190 Cornelius
978 2127 1104 2189 Celsus
1122 2137 1228 2189 auctor
1305 2163 1306 2220 p

208 2226 267 2298 est,
290 2217 417 2279 alterum
440 2220 591 2278 maiorem.
629 2215 720 2294 aliqui
743 2224 853 2296 negant
876 2218 996 2278 omnino
1019 2218 1155 2296 geminos
1179 2235 1228 2278 ex·
1305 2223 1306 2250 ³

207 2305 296 2368 cludi.
332 2305 400 2387 plus
423 2309 527 2368 vicena
550 2307 640 2384 quina
663 2304 831 2366 incubanda
855 2305 952 2366 subici
975 2313 1082 2366 vetant.
1119 2322 1227 2385 parcre
1305 2363 1306 2372 ,

207 2415 224 2456 a
253 2395 359 2456 brurna
391 2397 548 2474 incipiunt.
594 2395 705 2474 optima
738 2394 835 2456 fetura
867 2403 935 2456 ante
967 2411 1092 2456 vernum
1125 2397 1227 2474 acqui·
1243 2407 1267 2446 2⁵

207 2485 349 2546 noctium
394 2491 464 2562 post
487 2483 647 2544 solstitium
671 2493 739 2545 nata
762 2501 822 2544 non
849 2482 965 2563 inplent
991 2483 1227 2563 magnitudinem
1304 2507 1306 2582 p

195 2575 331 2653 iustam,
355 2579 497 2651 tantoque
521 2574 619 2633 nunus
643 2582 754 2653 quanto
779 2575 876 2634 serius
899 2589 1073 2652 provenere.

154 2681 204 2729 151
277 2654 336 2723 54.
360 2655 436 2743 (75)
465 2659 527 2723 Ova
549 2659 685 2722 incubari
708 2663 787 2722 intra
810 2661 914 2723 decem
938 2661 1001 2722 dies
1023 2660 1102 2722 edita
1131 2661 1227 2722 utilis-

206 2751 325 2812 simum.
364 2757 464 2810 vetera
488 2757 546 2810 aut
562 2753 730 2812 recentiora
767 2749 935 2811 infecunda.
995 2747 1091 2812 subici
1128 2751 1226 2830 inpari

206 2856 331 2900 numero
356 2838 477 2900 debent
530 2845 635 2917 quarto
664 2839 711 2900 die
739 2847 895 2918 postquam
923 2855 1050 2918 coepere
1077 2837 1226 2920 incubari,
1240 2850 1266 2891 ου

156 2991 159 2996 ,
206 2931 230 2988 si
255 2935 358 2990 contra
381 2927 481 2989 lumen
506 2928 659 2988 cacumine
683 2946 807 2988 ovorum
835 2927 1019 3007 adprehenso
1047 2944 1107 2988 una
1134 2945 1224 2988 manu

205 3035 300 3096 purus
325 3024 354 3077 et
378 3015 548 3078 uniusmodi
575 3016 728 3096 perluceat
755 3016 849 3097 color,
877 3014 988 3077 sterilia
1016 3017 1225 3078 existimantur

230 3165 256 3174 Α..
262 3168 281 3174 .-
285 3167 419 3175 --a--n

277 3241 410 3298 edecem
428 3240 525 3296 diebus
540 3245 565 3296 d.
631 3240 758 3296 lelisue
771 3239 834 3296 1¹¹c.
859 3253 940 3294 -seuc
954 3256 977 3294 r.
1042 3237 1183 3294 ildiutius
1197 3255 1222 3294 ο.

136 3355 139 3362 .
204 3314 324 3369 -inusll
384 3311 618 3368 ·9inmedio‹l.
641 3310 1005 3379 inornrnluitulinh.
1089 3310 1223 3380 llgigni

202 3386 337 3441 riorus.
353 3387 420 3438 edo
448 3386 567 3438 NJuuntr
640 3389 673 3438 13
692 3383 769 3439 luteo
783 3381 841 3436 alc
869 3384 952 3437 ·.tor
1027 3380 1223 3437 losimlo.

203 3470 253 3509 orn.
272 3473 295 3510 r.
321 3456 522 3524 lmouelurd.
605 3459 637 3508 21
658 3453 752 3509 omnia.
769 3451 1025 3524 geminarluioc.
1051 3451 1165 3522 gemino
1182 3452 1222 3506 ι’.

203 3525 339 3580 omniur.
368 3526 420 3592 cfr.
439 3525 527 3582 Anu.
545 3525 571 3579 lc.
591 3541 617 3580 a.
642 3527 757 3595 Vldp
768 3526 872 3591 56211,
889 3528 930 3580 28
947 3524 1041 3580 πάντα
1058 3522 1159 3590 δίδυμα
1181 3523 1223 3576 τί·

203 3595 707 3689 monot25a1¹²e²duornu
779 3601 811 3650 31
832 3594 948 3650 unsri
976 3594 1073 3650 imur.
