2606 3952
179 136 244 202 346
527 133 556 190 o.
575 135 675 190 Pnnu
694 133 852 190 suenum

180 302 359 366 quamquam
381 285 502 346 altiores
519 284 646 365 platanis
668 283 845 364 populisque
869 283 1029 346 altissimis.
1068 285 1139 346 folia
1162 288 1198 346 iis

179 376 294 457 laurea,
321 374 376 434 flos
398 374 493 435 violae
517 381 547 435 et
569 373 662 434 odore
686 380 717 434 et
739 372 853 455 colore,
881 372 971 435 haeae
994 381 1029 435 nt
1051 375 1138 456 oleis,
1169 383 1199 436 et

179 467 262 544 ipsae
285 463 386 524 odoris
410 462 541 545 iucundi,
564 471 707 524 autumno
730 469 901 544 nascentes,
923 481 994 524 vere
1017 463 1199 545 decidentes,

180 553 259 614 foliis
291 569 454 631 numquam
485 551 628 612 deciduis.
683 551 789 612 harum
821 554 953 613 minores
984 557 1062 612 totas
1093 555 1199 632 integit

178 659 269 702 mare.
314 643 508 703 maximarum
531 643 685 702 cacumina
711 648 840 722 exstant,
868 641 904 702 ad
931 659 1007 720 quae
1035 659 1125 702 naves
1150 657 1225 702 res

178 730 321 813 ligantur,
344 738 375 792 et
397 748 466 792 cnm
485 732 612 792 recessit
628 737 742 812 aestus,
765 729 800 790 ad
824 731 948 791 radices.
984 729 1056 791 alias
1078 748 1197 810 proque

179 819 302 880 arbores
319 821 351 880 in
375 819 433 880 alto
452 819 489 880 ah
511 819 617 880 iisdem
640 821 809 898 accepimus
832 818 938 880 eodem
959 820 991 880 in
1014 821 1090 880 mari
1113 821 1198 900 visas,
1283 841 1284 850 ¹

179 927 297 989 semper
320 909 389 969 folia
412 911 589 987 retinentes,
613 909 714 969 fructu
737 925 840 968 earum
862 907 965 987 lupino
989 907 1085 968 simili.

126 1005 178 1054 142
247 990 321 1081 (52)
350 996 435 1058 luha
452 997 544 1057 tradit
566 999 645 1057 cirea
664 997 899 1076 Trogodytarum
922 996 1035 1058 insulas
1057 997 1198 1059 fruticem

180 1090 212 1149 in
234 1087 292 1148 alto
320 1088 420 1146 vocari
442 1085 529 1146 Isidis
558 1087 686 1168 crinem,
715 1085 827 1147 curalio
859 1085 986 1146 similem
1016 1088 1080 1146 sine
1110 1085 1239 1168 foliis,1o

181 1178 350 1256 praecisum
369 1181 482 1236 mutato
501 1174 601 1235 colore
619 1176 652 1235 in
675 1177 793 1254 nigrum
818 1169 987 1257 durescere,
1011 1193 1079 1235 oum
1101 1174 1198 1257 cadat,

181 1266 286 1346 frangi.
332 1267 404 1325 item
427 1263 526 1343 alium,
550 1265 601 1342 qni
622 1272 747 1325 vocatur
769 1263 905 1325 chariton
928 1262 1106 1345 blepharon,
1134 1264 1197 1325 effi-

180 1373 281 1415 cacem
303 1355 335 1414 in
358 1355 516 1414 amatoriis.
563 1352 684 1432 spatalia
707 1372 744 1413 ex
767 1371 802 1412 eo
826 1353 924 1414 facere
948 1361 979 1414 et
1006 1352 1128 1412 monilia
1155 1353 1198 1414 fe-

179 1445 283 1504 minas.
328 1443 439 1503 sentire
464 1459 533 1502 eum
556 1459 589 1502 se
616 1445 695 1523 capi,
722 1442 884 1522 durarique
912 1459 1023 1503 cornus
1050 1441 1138 1503 modo
1168 1451 1200 1503 et

179 1531 321 1593 hebetare
354 1533 448 1592 aciem
480 1531 561 1591 ferri.
617 1531 696 1610 quod
729 1533 773 1592 si.
791 1529 951 1592 fefellerint
986 1530 1128 1613 insidiae,
1166 1533 1238 1592 in1⁵

180 1620 309 1700 lapidem
331 1619 545 1699 transfigurari.

251 1825 371 1883 felitior
389 1829 432 1883 est
449 1834 484 1884 Ι.
557 1829 727 1883 3nuiumno
745 1832 801 1882 lo.
835 1827 876 1880 -ni
893 1843 917 1882 r.
947 1827 952 1894 ί
981 1843 1047 1882 nere
1065 1827 1199 1882 deciden-

178 1899 222 1954 tes
240 1903 275 1952 Ι.
304 1915 412 1954 omre.
499 1904 533 1953 12
551 1901 670 1954 uocetur
687 1897 832 1953 liedGel.
861 1899 952 1954 -eetur
969 1898 1200 1955 reddattteilel.

251 1976 284 2024 13
304 1987 339 2025 ex
357 1986 391 2026 eo
409 1975 445 2026 Ι.
473 1985 507 2026 eo
525 1987 569 2027 ro.
644 1975 677 2024 15
696 1964 830 2026 hebetare
848 1973 926 2026 Ide.
955 1969 992 2024 -ri
1009 1986 1033 2025 r.
