2620 3948
188 131 230 194 96
530 130 562 203 C.
582 129 682 184 PLINI
701 129 858 184 SECUNDI

188 282 224 341 ad
248 271 513 359 quadragesimum.
555 280 662 338 vixisse
687 296 798 357 equum
820 292 918 338 Lxxv
941 295 1034 339 annos
1057 279 1206 358 proditur.

136 383 186 432 165
197 373 227 429 in
250 369 306 429 hoo
330 387 439 448 genere
463 367 581 447 gravida
604 375 686 428 stans
708 369 799 449 parit,
821 375 1000 446 praeterque
1024 376 1139 428 ceteras
1163 369 1205 428 le-

91 449 96 458 '
187 467 252 517 tum
275 457 379 536 diligit.
416 464 447 517 et
470 475 539 516 sane
563 458 648 535 equis
673 457 781 516 amoris
804 457 919 516 innasci
941 457 1118 517 veneficium
1140 456 1205 535 hip-

187 564 329 625 pomanes
353 545 531 625 appellatum
552 547 584 605 in
603 545 711 624 fronte,
735 546 849 604 caricae
870 545 1082 625 magnitudine,
1105 545 1203 605 colore

188 637 299 715 nigro,¹
320 633 399 713 quod
428 635 528 694 statim
556 632 635 693 edito
662 639 750 712 partu
774 632 894 693 devorat
922 634 982 693 leta
1009 642 1059 694 aut
1086 642 1233 712 partum⁵

189 723 225 782 ad
247 722 340 782 ubera
362 741 423 782 non
446 721 582 782 admittit.
613 725 639 780 si
660 723 727 800 quis
748 731 940 800 praereptum
957 720 1072 803 lrabeat,
1096 724 1203 783 olfactu
1294 721 1297 790 l

188 814 219 871 in
243 811 357 872 rabiem
384 811 414 871 id
437 829 532 890 genus
559 811 665 888 agitur.
712 811 818 870 amissa
840 818 963 888 parente
991 813 1023 871 iu
1046 830 1135 890 grege
1159 830 1204 870 ar·
1292 793 1297 942 q

188 903 281 960 menti
304 899 531 978 reliquaeletae
556 899 684 959 educant
703 895 818 958 orbum.
849 906 961 958 terram
984 901 1128 978 attingere
1152 919 1203 960 ore
1296 943 1297 968 t

101 1001 104 1008 ·
188 989 287 1049 triduo
311 991 446 1068 proximo
470 1006 558 1066 quam
582 989 620 1047 sit
643 989 761 1066 genitus
785 995 893 1067 negant
915 1006 1013 1066 posse.
1055 1007 1113 1067 quo
1137 990 1204 1067 quis
1296 971 1297 1012 ¹

188 1080 285 1137 aerior
313 1080 344 1136 in
372 1076 499 1137 bibendo
528 1094 562 1137 eo
589 1076 767 1155 profundius
796 1093 884 1135 nares
911 1078 1027 1155 mergit.
1078 1076 1204 1156 Scythae
1221 1093 1248 1131 ιο
1296 1101 1297 1130 r

188 1184 242 1245 per
265 1165 342 1226 heila
364 1167 482 1226 leminis
506 1167 550 1225 uti
567 1163 699 1245 malunt,
727 1166 867 1242 quoniam
889 1167 1007 1225 urinam
1030 1183 1121 1226 cursu
1144 1185 1205 1226 nou
1296 1159 1297 1162 '

188 1254 321 1333 inpedito
344 1253 477 1314 reddant

137 1353 187 1402 teo
257 1336 330 1424 (67)
371 1341 492 1401 Constat
519 1344 549 1401 in
572 1341 723 1403 Lusitania
751 1333 830 1402 circa
854 1340 1036 1421 Olisiponem
1063 1342 1205 1422 oppidum

189 1440 219 1491 et
242 1431 354 1508 Tagum
378 1448 494 1490 amnem
517 1449 609 1508 equas
632 1430 748 1490 favonio
771 1429 860 1490 llante
886 1430 1026 1490 obversas
1049 1430 1207 1491 animalem
1296 1449 1297 1470 ³

189 1521 346 1597 concipere
375 1519 526 1604 spiritum,
556 1518 644 1596 idque
669 1525 787 1597 partum
810 1519 876 1578 fieri
903 1526 932 1579 et
956 1521 1038 1598 gigni
1060 1521 1248 1599 pernicis-1³

189 1609 298 1666 simum
320 1608 374 1687 ita,
392 1602 456 1666 'sed
479 1608 642 1668 triennium
664 1609 741 1667 vitae
765 1624 825 1667 non
849 1607 1001 1667 excedere.
1047 1609 1078 1667 in
1102 1607 1206 1668 eadem

187 1695 328 1773 Hispania
347 1694 473 1754 Galiaica
496 1713 569 1772 gens
593 1702 639 1754 est
662 1703 692 1755 et
711 1696 856 1756 Asturica.
892 1698 994 1774 equini
1017 1699 1135 1774 generis
1158 1696 1207 1756 his

189 1791 260 1843 sunt
292 1801 366 1861 quos
402 1783 542 1844 celdones
574 1801 728 1863 vocamus,
765 1786 879 1843 minore
912 1785 1007 1844 forma
1044 1784 1206 1864 appellatos

189 1878 363 1931 asturcones
386 1875 526 1951 gignunt3
550 1871 658 1951 quibus
683 1891 741 1932 non
765 1872 894 1951 vulgaris
917 1875 948 1932 in
972 1890 1063 1932 cursu
1086 1872 1206 1953 gradus,

189 1961 241 2020 sed
260 1958 356 2020 mollis
376 1962 489 2021 alterno
509 1979 632 2020 crurum
651 1961 798 2040 explicatu
817 1960 999 2040 glomeratio,
1020 1961 1099 2022 unde
1119 1964 1205 2040 equis
1221 1976 1249 2014 2⁰

189 2049 305 2110 tolutim
330 2068 435 2129 capere
459 2052 614 2110 incursum
637 2049 765 2110 traditur
788 2056 860 2110 arte.

255 2137 341 2216 Equo
364 2139 428 2198 lere
452 2140 503 2217 qui
526 2138 639 2198 homini
662 2138 772 2218 morbi,
795 2145 972 2216 praeterque
996 2139 1111 2198 vesicae
1135 2156 1205 2200 cou-

189 2229 300 2308 versio,
323 2230 400 2288 sicut
423 2226 561 2288 omnibus
584 2229 615 2287 in
638 2245 747 2305 genere
771 2229 913 2286 veterino.
1075 2289 1078 2298 ,

137 2325 186 2372 tor
257 2309 316 2376 43.
348 2309 422 2398 (68)
468 2317 591 2376 Asinum
618 2313 708 2380 UO'O'U
735 2333 889 2376 nummum
918 2322 1050 2393 emptum
1074 2315 1107 2385 Q.
1131 2315 1205 2375 Axio

190 2406 321 2464 senatori
343 2412 447 2465 auctor
471 2412 517 2464 est
539 2403 576 2463 M.
591 2403 709 2483 Varro,
733 2403 811 2464 haud
835 2405 896 2464 scio
921 2421 957 2462 an
981 2405 1114 2463 omnium
1137 2421 1204 2482 pre·
1222 2419 1249 2458 as

189 2494 230 2552 tio
261 2493 431 2553 animalium
458 2494 544 2553 victo.
595 2511 685 2571 opera
716 2495 781 2552 sine
808 2491 898 2551 dubio
926 2494 1030 2570 generi
1057 2492 1206 2572 munifica,

189 2580 298 2640 arando
320 2599 453 2659 quoque,
477 2581 528 2641 sed
552 2581 700 2641 mularum
723 2582 848 2640 maxime
867 2582 1122 2660 progeneratione.
1155 2599 1205 2659 pa-

189 2671 246 2729 tria
269 2671 358 2728 etiam
380 2676 533 2747 spectatur
555 2672 586 2729 iu
609 2669 668 2750 his,
691 2668 842 2729 Arcadicis
866 2671 897 2729 in
920 2669 1041 2750 Achaia,
1068 2671 1100 2729 in
1123 2668 1206 2729 ltalia

189 2757 329 2818 Reatinis.
374 2760 473 2836 ipsum
501 2758 608 2818 animal
635 2758 755 2836 frigoris
782 2760 908 2818 maxime
936 2759 1092 2837 inpatiens.
1137 2757 1205 2818 ideo
1294 2811 1295 2822 .

190 2863 248 2905 non
272 2855 432 2924 generatur
455 2849 486 2905 in
509 2846 617 2926 Ponto,
642 2864 698 2905 nec
723 2848 909 2925 aequinoctio
935 2864 1024 2906 verno
1048 2853 1082 2907 ut
1105 2854 1205 2908 cetera
1221 2861 1248 2899 ao
1294 2823 1295 2915 l

260 3106 403 3161 3etncsei
420 3111 473 3160 lid.
536 3106 678 3161 oolfactu
696 3123 721 3160 o.
750 3107 822 3159 -tum
840 3107 868 3161 ll.
931 3111 964 3159 10
983 3122 1017 3160 eo
1036 3122 1091 3174 epo.
1110 3121 1160 3161 om.
1175 3107 1203 3160 ll.

191 3178 195 3248 l
244 3177 389 3232 rofuudius
407 3183 437 3230 B.
467 3179 517 3243 cfr.
537 3177 624 3232 Solio.
643 3181 743 3243 45,18.
771 3192 821 3230 om.
840 3194 863 3230 r.
937 3183 969 3230 17
990 3175 1119 3231 Gellciee
1136 3177 1203 3232 Dal.

99 3301 101 3306 ,
237 3248 322 3302 liaiee
344 3254 400 3301 Μ.
432 3248 586 3319 gallialllca
611 3252 635 3301 d.
668 3247 804 3329 gullfflice
826 3252 857 3301 Β.
890 3247 995 3316 gallica
1017 3265 1041 3300 ι.
1073 3249 1077 3316 Ι
1111 3249 1205 3302 estet
1293 3239 1294 3318 l

188 3319 293 3372 lirini.
322 3319 507 3374 estnr¹e¹d
534 3322 538 3388 l
563 3318 764 3386 asturicequmi
780 3318 824 3372 12¹.
851 3320 855 3385 Ι
881 3318 926 3372 his
945 3318 1015 3373 coni.
1034 3323 1059 3372 et
1076 3333 1121 3373 oc.
1140 3319 1203 3374 diet.
1293 3319 1294 3405 l

189 3404 243 3454 epo.
271 3388 302 3441 hi
325 3391 352 3442 ii.
451 3394 484 3442 18
513 3389 643 3445 celdones
670 3389 712 3443 1³².
745 3389 849 3443 thiela-
872 3394 920 3443 dT.
953 3389 1034 3444 tietd-
1055 3406 1078 3444 r.
1169 3394 1201 3444 21

190 3472 303 3524 carpere
322 3461 359 3513 οἳ.
383 3460 552 3528 {incursum
570 3478 594 3513 ι.
623 3478 668 3513 -su
686 3478 708 3513 r.
737 3477 776 3514 on
793 3475 855 3514 nero
872 3460 987 3515 tolutim
1005 3459 1156 3514 incedere
1174 3459 1203 3514 in

190 3526 293 3647 cursuf?
323 3532 328 3596 Ι
356 3529 476 3583 traditur
498 3534 522 3583 d.
551 3534 593 3583 -tr'a
611 3547 634 3584 r.
709 3537 760 3585 '26
784 3527 915 3584 munifice
938 3529 1014 3584 ΒΨ.
1042 3530 1129 3584 mirif-
1149 3535 1202 3584 Bd.

188 3613 260 3648 milri
274 3627 283 3635 ·
303 3615 325 3650 l'.
