2612 3962
169 122 235 188 364
515 123 544 179 C.
563 121 662 178 Pnuu
681 121 840 180 securint

169 271 206 334 ab
242 274 339 334 iniero
376 281 475 336 autem
511 271 708 353 Latiniensia,
744 272 936 356 Graviseana,
974 272 1190 336 Statoniensia.

117 369 151 420 18
169 362 307 424 Etruriae
326 361 410 424 Luna
427 362 554 444 palulum
576 361 674 443 babet,
697 361 835 442 Liguriae
855 361 966 424 Genua.
999 365 1078 424 iuter
1096 362 1190 442 Pyre-

171 445 279 514 naeum
300 452 449 532 Alpesque
471 449 599 514 Massilia
622 452 739 530 gemino
763 469 884 535 sapore,
911 451 1029 532 maudo
1056 460 1088 514 at
1116 471 1188 512 eon·

170 540 287 602 diendis
305 541 371 604 aliis
389 543 531 622 pinguius
550 543 645 620 gignit
668 541 748 620 qued
771 549 857 602 vocat
879 559 1030 602 sucosum.
1060 539 1188 603 Baeter-

170 647 273 692 rarum
301 631 380 692 intra
410 628 517 692 Gallias
548 632 685 692 consistit
713 631 884 692 auctoritas.
934 630 971 692 de
1001 629 1126 710 reliquis
1156 633 1221 691 ine

170 717 357 786 Narbonensi
380 721 489 800 genitis
511 719 686 782 adseverare
710 737 770 782 nou
794 726 852 801 est,
875 721 1015 799 quonlam
1038 719 1190 782 officinam

170 809 235 870 eius
259 810 305 872 rei
327 809 426 874 iecere
445 811 616 888 tinguentes
639 808 731 890 fumo,
753 809 926 888 utinamque
949 825 1009 870 non
1033 817 1063 870 et
1084 807 1190 870 herbis

171 915 205 960 ac
236 896 483 960 medicaminibus
515 898 619 960 noxiis.
674 899 785 977 quippe
817 899 906 960 etiam
941 897 1006 958 aloe
1038 905 1190 958 mereator

172 1003 309 1066 saporem
332 987 522 1066 coloremque
544 985 700 1050 adulterat.

119 1081 152 1132 69
237 1071 305 1156 <6>
337 1075 447 1138 Verum
474 1083 505 1140 et
530 1075 739 1154 longinquiora
761 1074 861 1136 ltaliae
889 1073 926 1136 ab
952 1075 1084 1138 Ausonio
1113 1076 1189 1136 mari
1206 1091 1237 1133 ro
1301 1071 1302 1074 ’

171 1182 232 1226 non
246 1173 350 1226 carent
363 1165 466 1246 gloria,
484 1163 644 1226 Tarentina
663 1172 693 1225 et
708 1163 834 1226 Servitia
852 1172 883 1225 et
897 1163 1074 1226 Consentiae
1089 1166 1190 1244 genita

173 1261 203 1314 et
221 1252 375 1335 Tempsae,
399 1253 554 1318 Calabrica
572 1252 750 1333 Lucanaque
770 1253 1016 1316 antecedentibus
1035 1252 1189 1315 Thurinis.

172 1345 306 1404 omnium
334 1359 406 1404 vero
433 1361 544 1404 eorum
575 1344 701 1404 maxime
733 1341 891 1404 inlustrata
921 1341 1064 1402 Messalae
1096 1343 1190 1404 Potiti

173 1429 267 1492 salute
290 1431 446 1513 bagnuna,
470 1449 531 1494 non
553 1430 659 1511 procul
682 1430 846 1514 Grumento
869 1433 1028 1492 nascentia.
1064 1431 1189 1512 Campa·

172 1523 220 1581 nia
240 1539 336 1601 nuper
354 1522 492 1582 excitavit
510 1522 593 1582 noris
612 1519 783 1582 nominibus
801 1522 1009 1582 auctoritatem
1031 1521 1092 1581 sive
1116 1537 1191 1582 cura
1208 1539 1239 1579 15

173 1611 234 1670 sive
258 1627 329 1672 casu
352 1609 389 1670 ad
412 1617 553 1688 quartum
575 1628 591 1669 a
610 1608 733 1689 Neapoli
754 1608 882 1690 lapidem
901 1607 1085 1692 Trebellicis,
1107 1611 1191 1671 iuxta

173 1695 303 1776 Capuam
322 1696 461 1779 Caulinis,
480 1699 560 1760 etin
579 1715 634 1758 suo
653 1716 724 1778 agro
738 1697 924 1780 Trebulanis,
942 1697 1051 1778 alioqui
1070 1716 1193 1778 semper

120 1791 154 1842 '10
172 1787 251 1846 inter
273 1785 390 1866 plebeia
413 1794 443 1847 et
461 1786 615 1848 Trifolinis
638 1786 769 1866 gloriata.
801 1805 875 1850 nam
897 1785 1085 1867 Pompelanis
1109 1805 1190 1848 sum·

171 1872 254 1936 mum
273 1875 377 1936 decern
395 1893 542 1937 annorum
560 1877 780 1937 incrementum
802 1883 857 1958 est,
880 1875 953 1937 nibil
976 1883 1096 1936 senecta
1118 1895 1191 1937 eon-

105 2016 113 2028 .
172 1965 297 2026 serente.
343 1964 445 2026 dolore
469 1966 558 2026 etiam
581 1966 712 2044 capitum
734 1967 765 2025 in
782 1971 902 2050 ¹sentam
928 1963 1033 2026 boram
1056 1965 1115 2026 diei
1143 1984 1190 2027 se·
1208 1985 1243 2026 eo

172 2055 292 2132 quentis
310 2053 419 2114 infesta
438 2052 713 2133 deprehenduntur.
750 2052 859 2133 quibus
882 2052 1033 2136 exemplis,
1056 2055 1114 2115 nisi
1137 2055 1190 2115 lal-

172 2141 231 2224 lor,
250 2142 441 2204 manifestum
460 2150 506 2204 est
524 2143 650 2222 patriam
668 2151 839 2222 terramque
858 2143 987 2226 relerre,
1009 2161 1070 2204 non
1093 2162 1192 2226 uram,

173 2239 202 2292 et
235 2248 449 2311 supervacuam
485 2249 631 2310 generum
667 2234 918 2294 consectationem
954 2233 985 2292 in
1022 2249 1193 2315 numerum,

120 2326 241 2380 1111111
265 2319 368 2380 eadem
390 2322 458 2381 vitis
482 2319 561 2382 aliud
584 2320 648 2382 aliis
671 2322 702 2380 in
725 2320 798 2382 locis
821 2320 939 2401 polleat.
980 2320 1192 2402 Hispaniarum

245 2553 259 2600 1
274 2543 425 2600 leldnensia
438 2543 688 2600 scellentonam.
713 2543 763 2612 cfr.
778 2545 878 2600 III69.
895 2546 900 2614 Ι
917 2544 1088 2602 Gravisccne
1100 2545 1192 2602 Berb.

172 2617 231 2670 coll.
246 2617 349 2672 11151.
379 2616 473 2671 -icena
491 2616 519 2670 ll.
530 2617 659 2672 1111111.
677 2616 681 2684 Ι
698 2614 889 2671 Statoniensie
905 2616 993 2672 Borb.
1007 2617 1067 2672 coll.
1082 2619 1191 2675 11152.

172 2689 283 2744 [1209.
312 2687 464 2744 sianiensis
482 2691 548 2741 aed.
579 2704 622 2742 -sa
640 2693 671 2740 n.
700 2687 852 2742 stomensis
869 2687 1098 2743 cddmntfflmh.

172 2763 224 2813 4.5
243 2759 438 2814 Baeterrerum
457 2758 549 2813 Hard.
577 2757 826 2814 Βοὴ-1111111611
853 2761 1070 2814 aeternarum.
1098 2761 1191 2826 atrro-

137 2889 138 2893 ,
172 2847 235 2882 rum
253 2833 278 2884 d.
308 2831 438 2884 celerano
456 2829 573 2886 cheo.
606 2827 742 2884 Ceretano
759 2829 923 2886 Beroaldus.
1014 2830 1127 2885 tiniec
1144 2849 1189 2886 11.

244 2905 260 2954 8
279 2900 363 2954 aloen
380 2899 468 2954 Barla.
485 2901 489 2968 Ι
505 2902 645 2956 mercator
662 2905 715 2954 ltu.
743 2902 839 2956 -entur
856 2917 899 2958 re.
974 2907 1006 2954 11
1027 2901 1143 2956 seruitia
1161 2903 1189 2958 u.

173 2972 263 3026 -ln'ana
280 2987 304 3025 o.
382 2977 416 3026 12
434 2972 561 3042 tempsce
581 2972 689 3027 dBorb.
717 2971 788 3027 -siae
806 2972 1060 3030 reddendam.
1082 2973 1086 3041 Ι
1108 2971 1190 3028 Cala-

172 3042 250 3097 brica
263 3057 318 3113 epo.
347 3040 844 3112 11111111111111111111)1131111.
873 3060 906 3098 ee
923 3043 1036 3098 bulbine
1055 3044 1191 3099 meante

171 3113 259 3168 Borb.
293 3129 326 3168 11
344 3113 411 3170 Bari
429 3129 463 3170 ao
481 3113 555 3170 Detl.
584 3117 589 3183 Ι
618 3116 684 3170 ante
703 3114 868 3170 cedentibus
886 3121 916 3169 1).
950 3115 1079 3184 (Lucane
1100 3117 1190 3184 quae)

172 3184 343 3240 antecedunt
355 3185 428 3240 Dect.
503 3191 536 3240 13
555 3185 639 3255 potiti
658 3185 802 3242 adluens.
829 3185 947 3257 pentir.
974 3185 1072 3256 pontia
1085 3189 1115 3240 et
1128 3188 1189 3242 cdd

170 3260 231 3311 cett.
259 3258 329 3326 potu
348 3256 568 3314 succensere.
652 3262 686 3311 14
703 3256 834 3327 lagarino
851 3258 913 3313 ded.
924 3255 1000 3313 Vere.
1028 3257 1064 3311 -ri
1082 3274 1106 3312 r.
1134 3258 1191 3314 -rie

171 3327 300 3383 educate.
331 3330 335 3396 Ι
365 3327 520 3384 Grumento
538 3344 563 3384 1.
596 3343 688 3398 grom-
707 3329 735 3383 ll.
844 3335 877 3384 21
898 3327 1145 3399 deprehenduntur
1162 3347 1188 3383 c.

171 3397 285 3454 -dantur
302 3400 346 3455 1t1.
375 3399 471 3455 delur
484 3399 548 3453 nlo.
578 3399 666 3453 -ditur
679 3402 704 3454 d.
732 3399 783 3454 dat
800 3416 823 3455 o.
904 3405 940 3454 24
957 3399 1067 3470 polleat
1084 3401 1188 3456 dmdd.

172 3468 228 3526 Get
257 3469 444 3540 polluatque.
473 3469 576 3524 ·uite¹.
603 3469 728 3539 pullulet
741 3489 764 3524 s.
788 3471 842 3526 -let
854 3471 913 3527 edd.
922 3470 1049 3526 aeueet.
1066 3472 1070 3538 l
1085 3471 1188 3541 Hispe-
1298 3501 1299 3504 ¹

170 3539 486 3684 ἓωωιέ-Μθὸβῶ
506 3541 605 3594 italice
624 3541 722 3610 primis
740 3542 835 3611 aptius
848 3544 987 3612 pertinere
1004 3541 1133 3597 videntur
1151 3545 1190 3600 ad

190 3627 250 3668 nem
306 3615 353 3670 68.
