2636 3952
306 165 681 221 3333.31133.1333-33
702 166 829 238 (oa-or)
1010 167 1072 230 143
1128 136 1131 140 ’

129 307 201 398 (65)
225 313 284 375 Sed
308 313 363 376 3113
387 332 403 375 3
426 315 484 376 1133
507 317 601 396 131313,
625 317 765 394 iuvatque
788 314 891 377 ludere
915 315 1126 395 3333363133

67 401 195 464 3313333
218 406 369 483 geminare
392 402 545 465 miscendo
571 405 741 483 iterumque
765 406 881 484 etipsa
906 403 1073 465 adulterare

66 490 203 553 adulteria
221 499 355 574 naturae,
378 495 456 555 sicut
474 492 641 555 testudines
660 495 807 574 tinguere,
825 501 982 571 argentum
1000 511 1073 554 auro

66 581 242 642 confundere
266 590 301 642 ut
323 541 433 642 electra
455 583 541 664 11333,
563 581 673 642 addere
694 581 742 642 bis
765 598 833 642 aera
855 589 890 642 ut
877 580 1073 643 tCorinthia

42 664 119 732 ⁵41.
151 688 210 730 non
235 677 281 731 est
303 672 375 732 satis
399 670 556 732 abstulisse
579 689 711 750 gemmae
735 688 843 731 nomen
867 670 1098 753 amethystum.

64 776 180 819 rursum
202 758 372 820 absolutum
389 759 555 820 inebriatur
573 758 672 841 Tyrio,
695 768 729 820 ut
747 761 786 820 sit
810 778 845 820 ex
868 767 998 839 utroque
1021 779 1072 820 no-

64 865 128 907 men
145 847 305 927 inprobum
323 849 470 928 simulque
491 848 609 910 luxuria
630 847 748 930 duplex,
771 855 801 908 et
824 867 892 909 cum
916 849 1073 909 confecere

64 935 219 1018 conchylia,
242 931 370 998 transire
393 937 500 998 melius
523 939 554 998 in
577 937 700 1017 Tyrium
722 945 836 1017 putant.
882 939 1063 1017 paenitentia
1074 953 1125 1004 140

62 1023 115 1084 boc
135 1028 266 1104 primum
289 1024 379 1086 debet
395 1027 545 1087 invenisse
569 1025 731 1088 artificem
753 1034 834 1086 tante
854 1025 1071 1105 3333333133-

30 1111 117 1174 331333.
160 1114 230 1175 inde
253 1117 329 1175 ratio
352 1122 434 1196 nata,
463 1123 565 1176 votum
589 1133 707 1194 quoqne
728 1045 842 1176 lactum
871 1132 886 1174 3
909 1115 980 1175 31313
1003 1132 1071 1195 por·

64 1205 182 1264 tentosis
210 1205 338 1283 ingeniis
365 1211 395 1264 et
421 1205 538 1283 gemina
561 1205 762 1264 demonstrata
787 1207 835 1263 313
861 1202 1011 1284 luxuriae,
1039 1211 1074 1264 ut

64 1291 139 1350 33133
156 1292 232 1353 31133
251 1293 421 1371 operiretur
439 1292 496 1353 alio
515 1295 634 1355 suavior
651 1295 692 1353 ita
710 1293 778 1352 11331
795 1292 951 1371 leniorque
965 1291 1072 1353 3113333.

64 1382 130 1458 quin
153 1388 184 1441 et
206 1387 326 1442 terrena
348 1383 476 1442 miscere
500 1399 649 1460 coccoque
673 1384 800 1442 tinctum
822 1381 911 1461 Tyrio
935 1384 1072 1460 tinguere

63 1476 93 1528 ut
114 1469 199 1530 lieret
222 1469 387 1549 hysginum.
432 1488 555 1531 coccum
577 1469 669 1530 63133·
648 1479 706 1531 3333
729 1469 842 1531 rubens
865 1487 1003 1551 granum,
1031 1477 1125 1536 33141

31 1556 218 1619 edicemus
209 1574 241 1618 33
259 1565 370 1619 terrest
357 1558 463 1640 tribus,
486 1567 537 1620 aut
555 1561 635 1621 circa
652 1558 815 1620 Emeritam
832 1557 1032 1620 Lusitaniae·
1022 1571 1128 1622 331333

63 1647 182 1706 maxima
205 1646 292 1707 laude
323 1654 377 1708 est.
423 1665 541 1730 verum,
570 1656 606 1710 ut
628 1648 715 1709 simul
737 1655 921 1728 peragentur
944 1625 1127 1708 nobilia8²³

62 1736 220 1818 pigmenta,
245 1731 388 1797 anniculo
416 1754 508 1816 grano
531 1697 692 1816 languidus
721 1755 824 1821 33333,
854 1737 934 1797 idem
961 1755 978 1796 a
1001 1754 1071 1816 qna·

63 1822 152 1884 113133
176 1783 327 1886 evbnidus
373 1826 414 1885 133
437 1843 494 1886 333
516 1828 745 1907 333333131333,
773 1843 872 1904 neque
897 1827 1074 1887 senescenti.

63 1910 173 1973 31333313
197 1922 275 1974 33333
263 1921 324 1974 3333
343 1921 390 1974 333
409 1917 485 1975 33313
503 1933 564 1994 qua
581 1933 613 1975 se
632 1917 764 1975 virorum
782 1917 864 1976 iuxta
882 1915 1074 1974 seminarum

29 2012 51 2050 20
64 2019 116 2078 que
139 2003 235 2062 forma
258 2001 355 2062 credit
342 2002 587 2082 tamplissimam
609 2003 683 2064 11331.

124 2083 183 2153 42.
208 2085 283 2174 (66)
312 2089 503 2152 Concharum
531 2093 649 2172 generis
676 2099 708 2151 et
732 2093 803 2171 pina
832 2098 886 2152 est.
931 2093 1064 2151 nascitur
1076 2107 1126 2156 143

62 2177 91 2236 in
107 2177 221 2240 limosis
240 2177 380 2240 subrecta
399 2197 517 2259 semper
535 2199 591 2242 333
609 2197 751 2258 umquam
770 2181 834 2239 sine
849 2181 966 2262 comite,
985 2197 1075 2258 quem

62 2267 215 2341 pinoteren
238 2277 357 2350 vocant,
387 2267 436 2328 alii
458 2269 696 2350 pinophylacem,
726 2267 757 2328 id
780 2276 826 2328 est
847 2267 953 2344 squilla
975 2285 1074 2347 parva,

62 2353 147 2416 aliubi
175 2367 284 2418 cancer
306 2357 390 2437 dapis
417 2357 593 2419 adsectator.
638 2356 742 2436 pandit
764 2375 796 2417 33
819 2359 889 2435 pina
911 2354 1073 2417 luminibus

31 2453 51 2493 3
63 2442 164 2504 orbum
182 2463 293 2524 corpus
315 2448 397 2507 13333
420 2449 543 2508 minutis
567 2445 701 2526 piscibus
722 2444 879 2526 praebens.
924 2445 1074 2506 adsultant

63 2528 100 2590 illi
122 2536 261 2612 protinus
284 2541 328 2616 et,
357 2534 410 2595 nbi
432 2536 552 2596 licentia
575 2535 696 2596 audacia
724 2537 831 2616 333313,
860 2533 976 2613 inplent
998 2552 1072 2594 eam.

63 2616 153 2683 13333
140 2629 259 2701 tempus
287 2623 457 2703 speculatus
485 2623 573 2685 index
600 2641 703 2685 morsu
730 2622 787 2686 levi
817 2623 971 2702 significat.
1023 2622 1073 2683 illa

64 2725 231 2789 compressa
263 2711 405 2791 quicquid
438 2712 559 2774 inclusit
596 2714 743 2774 exanimat
778 2719 953 2791 partemque
991 2713 1071 2771 socio

63 2797 172 2861 tribuit

31 2893 53 2933 ³⁰
124 2880 197 2970 (67)
231 2887 296 2958 Quo
324 2890 416 2968 magis
444 2891 537 2949 miror
566 2851 711 2968 quosdam
737 2891 923 2952 existimasse
949 2891 1139 2968 aptati-144
1157 2891 1235 2968 tq}

64 2970 136 3034 libus
167 2976 323 3037 nullum
314 2995 413 3038 messe
446 2996 576 3038 33333333.
632 2980 715 3039 33313
743 2978 869 3057 torpedo
899 2979 958 3038 vim
989 2995 1072 3039 suam

64 3060 122 3137 ipsa
143 3083 203 3126 non
226 3072 363 3147 torpens,
392 3084 548 3146 mersaque
576 3069 608 3128 13
630 3068 701 3127 limo
729 3085 761 3127 se
789 3066 918 3128 occultat
944 3068 1072 3146 piscium

131 3289 431 3358 1333331633Β
460 3305 577 3344 -.33333
651 3291 1071 3362 ligrenumcoocpmtapud

66 3353 146 3412 Baro.
170 3365 249 3430 grani
267 3366 299 3416 Β,
327 3377 485 3445 gramenr.
558 3367 592 3417 to
610 3363 824 3432 peragentur.
853 3363 951 3415 -uninr
969 3363 997 3418 li.

68 3431 97 3478 17
116 3442 199 3496 grano
217 3436 248 3486 Β.
276 3433 438 3508 graminir.
524 3437 558 3488 23
577 3432 766 3503 pinotereno.
803 3432 853 3499 cfr.
873 3433 1008 3492 3333333333
1026 3433 1076 3484 III

68 3497 103 3549 38
115 3514 143 3566 p
152 3499 211 3557 89⁶.
238 3503 394 3558 &therenil
429 3505 433 3573 Ι
467 3504 572 3573 squillo
588 3503 675 3567 Bas-b.
705 3502 792 3560 chilla
811 3505 839 3559 u.
942 3507 976 3556 28
996 3519 1070 3556 com·

67 3581 156 3634 presse
169 3571 245 3628 Pici.
273 3576 323 3642 cfr.
333 3575 431 3630 Acten
446 3577 464 3631 l
479 3577 632 3642 impube
658 3592 701 3630 s-o
719 3574 757 3629 ⁸².
783 3572 994 3643 comprehensio
1010 3571 1068 3623 c¹d.

68 3642 249 3708 conprehenso
267 3664 289 3701 r
361 3653 395 3702 32
414 3663 560 3717 menseque
577 3648 619 3701 1²¹.
647 3661 783 3714 uerasque
801 3649 832 3698 Β.

856 3730 909 3784 10²l
