2620 3948
306 164 387 232 naut
407 164 498 218 Hiar.
518 165 583 218 Vni
602 169 706 218 45-47
727 167 853 233 (ro-aa)
1027 165 1087 228 101

75 313 248 373 cantharum
271 313 426 393 appellant.
470 331 529 374 non
553 315 665 374 estias
689 331 758 374 eum
781 323 879 376 certos
903 317 979 376 vitae
1004 333 1088 375 exce·

75 403 145 462 dere
169 419 270 483 annos,
293 419 484 480 mersumque
508 404 538 462 iu
558 402 744 463 sacerdotum
769 405 850 463 l'onte
874 412 982 466 necant
1001 421 1089 482 quae-

75 493 161 551 situri
187 490 268 551 luctu
297 490 387 551 alium
410 509 499 568 quem
526 488 719 571 substituant,
750 501 780 552 et
803 492 897 552 donec
920 494 1090 553 invenerint
1187 532 1192 546 x

75 587 208 640 maerent
231 579 344 640 derasis
368 581 457 639 etiam
480 578 634 658 capitibus,
674 598 728 640 nec
752 588 851 640 tamen
874 583 1015 660 umquam
1039 582 1089 642 diu

48 671 237 747 squaedam.
267 670 404 729 inventus
428 667 586 728 deducitur
605 667 766 747 Memphim
789 688 804 728 a
829 670 1031 731 sacerdotibus
1051 679 1144 732 (2185

74 756 198 816 delubra
226 759 253 817 ei
276 758 405 837 gemina,
436 775 511 835 quae
536 765 641 817 vocant
665 757 819 839 thalamos,
849 762 971 838 auguria
996 779 1089 840 popu·

73 847 179 906 lorum.
226 845 353 906 alterum
380 847 506 906 intrasse
534 844 645 906 laetum
672 854 730 926 est,
760 849 792 906 in
815 847 907 908 altero
936 849 999 909 dira
1021 868 1090 928 por·

73 935 178 996 tendit.
213 952 356 1014 responsa
378 937 500 1013 privatis
524 935 572 995 dat
596 954 611 995 e
636 953 724 995 manu
748 936 967 997 consulentium
991 937 1090 998 cibum

73 1024 225 1103 capiendo.
273 1023 440 1084 Germanici
464 1023 597 1085 Caesaris
625 1043 730 1086 manus
759 1032 910 1085 aversatus
938 1033 984 1086 est
1011 1025 1089 1086 haud

36 1125 59 1162 10
73 1111 167 1173 multo
191 1119 295 1192 postea
319 1114 466 1173 exstincti.
499 1122 599 1174 cetero
623 1121 772 1193 secretuS,
796 1133 864 1174 cum
888 1133 918 1174 se
942 1116 1090 1194 proripuit

73 1205 101 1261 in
127 1209 246 1282 coetus,
269 1202 380 1263 incedit
403 1202 542 1263 submotu
563 1203 715 1284 lictorum,
739 1220 903 1282 gregesque
927 1220 1090 1282 puerorum

73 1293 254 1351 comitantur
278 1308 397 1352 carmen
420 1291 526 1351 honori
550 1294 614 1351 eius
627 1279 815 1352 'canentium
852 1291 1025 1370 intellegere
1050 1293 1089 1350 vi·

73 1379 161 1440 detur
185 1388 216 1440 et
240 1380 355 1440 adorari
380 1380 460 1440 velle.
497 1379 528 1440 hi
551 1398 657 1459 greges
679 1388 803 1459 repente
826 1379 968 1459 lymphati
990 1380 1090 1440 lutura

73 1471 259 1547 praecinunt.
290 1471 399 1530 lemina
421 1468 476 1528 bos
500 1471 527 1528 ci
551 1470 642 1529 semel
665 1487 742 1529 anno
765 1469 943 1550 ostenditur,
966 1470 1027 1529 suis
1051 1476 1143 1529 et186

35 1569 58 1607 15
73 1559 136 1637 ipsa
160 1557 336 1639 insignibus,
360 1576 538 1637 quamquam
561 1558 633 1639 aliis,
660 1576 837 1637 semperque
861 1556 966 1618 eodem
989 1558 1036 1617 die
1060 1564 1091 1616 et

72 1649 201 1708 inveniri
229 1666 292 1708 eam
321 1655 350 1708 et
378 1649 525 1726 exstingui
553 1647 681 1708 tradunt.
727 1645 857 1725 Memphi
883 1654 930 1706 est
951 1646 1035 1707 locus
1059 1648 1090 1706 in

72 1736 138 1796 Nilo
163 1752 253 1814 quem
277 1755 292 1794 a
316 1735 408 1814 ligura
432 1743 538 1796 vocant
550 1735 681 1795 Phialam
705 1735 843 1795 omnihus
867 1738 951 1796 annis
975 1734 1016 1794 ihi
1039 1745 1088 1795 au·

73 1843 154 1884 ream
173 1831 306 1902 pateram
326 1831 554 1903 argenteamque
573 1831 743 1903 mergentes
763 1822 868 1884 diebus
887 1842 961 1902 quos
980 1822 1090 1884 babent

73 1912 185 1972 natales
215 1912 294 1991 Apis.
340 1920 454 1991 septem
481 1913 512 1972 hi
542 1921 625 1994 sunt,
657 1915 826 1990 mirumque
857 1914 1007 1994 neminem
1035 1931 1090 1990 per

35 2014 58 2052 20
73 2020 124 2060 cos
152 2019 168 2060 a
198 2001 356 2062 crocodilis
383 2003 499 2082 attingi,
531 2008 634 2061 octavo
662 2010 730 2080 post
757 2001 860 2060 boram
889 1999 948 2059 diei
978 2008 1091 2060 sextam

72 2090 172 2150 redire
197 2089 301 2150 beluae
325 2092 481 2151 feritatem.

139 2173 201 2240 47.
229 2173 302 2260 (72)
347 2179 451 2258 Magna
474 2187 503 2238 et
525 2179 627 2256 pecori
651 2181 744 2257 gratia
768 2177 813 2237 vel
836 2179 867 2237 in
892 2177 1081 2256 placamentis
1093 2185 1142 2234 187

72 2267 199 2328 deorum
223 2266 268 2326 vel
295 2270 325 2326 in
354 2285 411 2327 usu
434 2265 587 2326 vellerum.
631 2275 665 2327 ut
687 2265 779 2327 boves
802 2267 913 2326 victum
935 2266 1090 2326 honrinum

72 2356 215 2417 excolunt
244 2356 284 2414 ita
314 2372 473 2433 corporum
501 2355 594 2416 tutela
623 2358 725 2435 pecori
753 2353 888 2416 debetur.
939 2356 1090 2434 generatio

35 2457 58 2496 25
72 2444 161 2505 bimis
191 2445 342 2521 utrimque
371 2442 407 2503 ad
434 2462 565 2505 novenos
593 2462 699 2526 annue,
733 2443 910 2522 quibusdam
937 2451 967 2504 et
994 2443 1030 2504 ad
1057 2458 1090 2505 x.

73 2533 244 2612 primiparis
271 2535 402 2593 minores
429 2533 516 2594 letus.
563 2535 660 2600 coitus
685 2533 823 2593 omnibus
847 2533 883 2594 ab
907 2535 1019 2593 arcturi
1042 2551 1090 2592 oc·

73 2640 157 2703 casu,
190 2620 222 2682 id
250 2628 295 2681 est
323 2640 347 2681 a.
372 2621 398 2681 d.
422 2635 463 2682 111
491 2623 558 2682 idus
580 2622 671 2682 Maias
699 2622 734 2682 ad
762 2621 876 2700 aquilae
905 2639 1044 2682 occasum
1066 2635 1091 2682 x

72 2709 126 2770 kal.
158 2711 316 2788 Augustas.
366 2719 475 2789 gerunt
503 2719 622 2790 partum
652 2709 757 2771 diebus
788 2724 841 2770 cu.
889 2718 992 2789 postea
1021 2728 1090 2770 con·

73 2801 152 2877 cepti
182 2797 310 2859 invalidi.
358 2799 464 2859 cordos
496 2799 640 2860 vocabant
672 2801 785 2877 antiqui
815 2807 883 2877 post
911 2799 941 2859 id
971 2807 1091 2877 tempus

161 2938 288 2948 ...qm-„—

144 3003 258 3058 isonti
276 3010 308 3057 R.
390 3005 456 3058 din
475 3005 612 3074 templum
631 3009 679 3058 du.
708 3003 862 3074 memphim
880 3022 903 3058 r.
934 3007 938 3072 Ι
968 3003 1041 3057 Cri
1059 3006 1092 3058 iu
1122 3058 1126 3064 ,

73 3090 127 3127 rus.
157 3075 208 3140 cfr.
228 3074 315 3130 Solio.
335 3080 436 3142 32,18.
466 3093 529 3130 cum
547 3080 621 3129 Ded.
644 3092 694 3130 otu.
713 3081 766 3130 lto.
839 3075 995 3145 epriuaiis
1013 3073 1090 3128 ΙΨ.

73 3145 150 3211 prius
168 3163 192 3198 r.
272 3151 421 3200 umanum
440 3151 485 3202 du.
506 3146 659 3217 (dexterum
678 3145 765 3201 Solio.
786 3149 898 3214 32,19).
976 3152 1007 3199 11
1029 3161 1090 3200 coe-

74 3216 118 3267 tus
140 3215 233 3270 wi.
263 3219 359 3270 coelur
381 3217 450 3270 ΜΗ.
483 3217 572 3272 coitus
595 3217 633 3272 ι’.
664 3219 780 3272 choebur
802 3217 838 3271 αἱ,
874 3221 878 3286 Ι
912 3217 1043 3272 submobu
1065 3221 1089 3270 d.

75 3288 115 3339 to
137 3303 161 3339 r.
198 3289 202 3354 Ι
236 3303 390 3357 gergesque
413 3294 441 3342 Β.
475 3305 598 3358 grexque
621 3288 659 3343 οἳ.
742 3295 774 3342 12
799 3288 967 3342 comitantur
990 3289 1090 3342 Ianus.

76 3359 161 3410 -iabus
180 3357 218 3417 ἀι.
246 3359 334 3412 -totur
351 3377 374 3412 r.
449 3365 483 3413 14
501 3360 651 3428 precinunt
668 3365 745 3413 nra.
819 3365 852 3414 16
872 3361 901 3413 ei
918 3375 969 3414 our.
987 3364 1019 3412 ll.

76 3431 108 3478 23
126 3427 235 3481 uictum
252 3429 318 3483 Ν.
341 3431 510 3484 umtum11.
534 3433 587 3485 uni
598 3433 659 3485 ium
677 3437 708 3484 Ι).
731 3433 791 3484 bum
805 3434 829 3484 d.
854 3433 996 3499 sumptum
1014 3429 1090 3481 1⁹2¹.

37 3525 44 3533 =
145 3503 180 3551 26
199 3499 359 3569 primiparis
377 3507 405 3554 F.
435 3517 490 3555 -res
508 3519 530 3555 r.
566 3504 570 3572 Ι
604 3502 640 3556 ub
659 3501 696 3554 (1².
725 3500 802 3554 adr.
884 3505 970 3554 2627
991 3515 1092 3554 occasu

75 3569 163 3622 wa.
193 3587 266 3624 -sum
285 3589 307 3626 r.
381 3578 415 3627 27
434 3572 471 3626 ad
488 3571 528 3626 ΙΙΙ
547 3577 571 3626 d.
600 3573 636 3626 ab
653 3573 693 3626 ΠΙ
711 3589 734 3625 r.
761 3575 764 3640 Ι
790 3569 816 3623 X
833 3575 886 3623 ltu.
914 3571 944 3622 in
963 3569 988 3622 X
1006 3569 1042 3620 η’
1059 3569 1091 3620 iu

76 3653 129 3691 ras.
148 3644 200 3692 rs.
227 3640 292 3714 idsss
308 3643 352 3696 12¹,
425 3649 459 3698 29
480 3643 578 3698 cordos
596 3643 638 3697 Ρ,
668 3642 722 3696 -dis
740 3659 762 3696 r.
