2612 3962
203 165 270 232 416
556 127 883 218 cmmemores

205 316 331 378 ruodam
350 323 455 375 natura
473 315 646 392 trigemina:
670 326 779 391 corpus
799 319 853 393 est,
877 313 946 374 dein
969 314 1082 393 lignum
1100 331 1224 376 rursus·

205 423 263 484 que
291 421 393 465 semen
423 405 454 464 in
482 402 576 484 ligno,
604 409 639 462 ut
669 404 700 462 in
722 400 860 462 Persicis.
906 403 1050 482 quaedam
1080 405 1161 464 inter
1188 423 1223 464 se

205 493 309 574 dense,
337 500 371 554 ot
391 509 480 574 uvae,
509 490 610 572 sorba,
638 507 714 569 qnae
742 505 840 550 ramos
868 491 1050 553 circumdata
1077 510 1115 552 ex
1141 494 1222 552 omni

205 590 289 662 parte
314 581 437 644 uvarum
460 579 548 642 modo
571 580 741 660 degravant.
787 573 945 660 alla‘rara,
974 588 1007 642 ut
1029 583 1061 644 ln
1084 579 1220 642 Persicis.

154 678 204 726 115
216 671 359 750 quaedam
390 670 454 731 aleo
484 671 690 748 continentur,
721 675 756 728 ut
784 673 915 748 granata.
970 669 1139 750 dependent
1170 669 1250 730 alias

204 760 363 842 pediculis,
390 767 424 821 ut
445 761 524 841 pira,
548 758 603 819 alia
625 759 752 818 racemis
759 764 827 838 ,ut
849 772 936 839 uvae,
959 747 1099 839 palmde,
1114 754 1172 820 alia
1197 767 1228 820 et

204 849 350 929 pediculis
372 858 404 910 et
426 849 567 930 racemis,
594 855 628 910 ut
655 845 796 931 hederae,
825 845 936 908 sabuci.
981 845 1036 908 alia
1052 855 1146 908 'ramo
1177 849 1226 908 ad-

204 939 342 1021 haerent,
364 940 452 1000 utin
475 937 570 999 lauru.
617 935 761 1016 quaedam
784 943 911 1015 utroque
935 936 1036 1017 modo,
1065 944 1099 997 ut
1121 935 1228 997 olivae.

206 1045 274 1088 nam
296 1035 328 1088 et
349 1027 455 1088 breves
478 1025 607 1106 pediculi
635 1034 665 1086 et
692 1023 781 1103 longi.
828 1024 984 1104 quaedem
999 1024 1126 1086 vasculis
1156 1045 1227 1086 con-

206 1124 298 1197 stant,
329 1123 363 1177 ut
384 1115 497 1176 Punica
525 1125 556 1176 et
584 1113 926 1193 mespila·lotosque·in
950 1113 1082 1194 Aegypto
1110 1121 1141 1174 et
1164 1113 1225 1175 Eu·
1242 1128 1266 1167 ιο

153 1206 327 1285 nephrate.
371 1206 431 1266 iarn
454 1221 525 1264 vero
549 1204 664 1264 diversa
688 1203 781 1281 gratia
804 1209 835 1263 et
862 1203 1088 1264 commendatio.
1135 1220 1227 1264 carne

205 1295 319 1374 palmae
342 1293 475 1375 placent,
502 1300 603 1354 crusta
626 1289 806 1372 Thebaicae,
830 1309 902 1352 suco
926 1309 1003 1352 uvae
1025 1299 1055 1353 et
1079 1301 1228 1374 caryotae,

206 1383 280 1444 callo
298 1387 363 1463 pira
386 1401 419 1444 ac
438 1381 522 1463 mala,
546 1397 672 1461 corpore
691 1395 783 1460 mora,
809 1380 980 1460 cartilagine
994 1381 1108 1462 nuclei,
1131 1396 1227 1460 grano

207 1472 351 1552 quaedam
374 1474 405 1532 in
428 1471 573 1551 Aegypto,
602 1479 672 1531 cute
695 1471 819 1530 caricae.
865 1469 1038 1530 detrahitur·
1059 1470 1133 1530 haec
1161 1471 1227 1530 licis
1278 1537 1279 1542 γ

207 1561 380 1642 virentibus,
402 1569 437 1622 ut
454 1567 605 1641 putamen,
627 1558 799 1637 eisdemque
816 1560 848 1619 in
867 1561 954 1620 siccis
973 1561 1099 1620 marnae
1119 1559 1226 1639 placet.
1243 1557 1279 1611 15'

153 1653 245 1711 11‘1in
264 1651 383 1732 papyris
401 1658 431 1710 et
450 1649 555 1710 ferulis
574 1650 719 1727 spinaque
734 1646 914 1708 alba-caulis
937 1649 1001 1728 ipse
1024 1665 1146 1728 pomum
1169 1657 1225 1708 cst.

206 1747 277 1800 sunt
296 1747 326 1800 et
344 1737 446 1799 ticulni
468 1737 577 1819 caules,
599 1739 631 1798 io
655 1737 800 1798 fruticoso
823 1753 932 1815 genere
956 1753 1026 1797 cum
1049 1737 1132 1798 caule
1156 1755 1223 1816 cap·

206 1831 295 1911 paris,
318 1829 350 1888 in
370 1826 486 1907 siliquis
504 1843 575 1887 vero
594 1825 674 1906 quod
692 1825 843 1886 manditur
861 1825 932 1904 quid
950 1827 1012 1885 ‘nisi
1029 1825 1138 1905 lignum
1154 1823 1223 1886 est?
1278 1817 1279 1850 l

206 1937 266 1978 non
299 1916 461 1978 omittenda
494 1917 615 1976 seminis
647 1927 756 1975 earum·
781 1915 973 1994 proprietate.
1027 1931 1092 1974 nam
1121 1929 1218 1992 neque

207 2021 316 2087 corpus
339 2025 394 2066 nec
418 2006 531 2084 lignum
555 2022 609 2065 nec
634 2003 773 2084 cartilago
790 2003 856 2064 dici
879 2010 991 2084 potest,
1019 2021 1115 2082 neque
1142 2003 1222 2062 aliud
1238 2017 1267 2055 20

149 2119 153 2126 ·
207 2112 314 2157 nomen
338 2097 475 2156 inveniat.

156 2192 207 2242 118
276 2179 334 2246 29.
363 2177 437 2266 (35)
468 2182 618 2244 Sucorum
645 2189 751 2242 natura
778 2183 970 2260 praecipuam
999 2182 1226 2243 admirationem

206 2276 237 2334 in
260 2281 356 2353 myrto
374 2271 472 2353 habet,
493 2268 613 2350 quando
637 2289 674 2330 ex
696 2286 756 2330 una
778 2272 913 2331 omnium
936 2268 994 2330 olei
1016 2271 1139 2348 vinique
1156 2267 1228 2328 bina

160 2350 316 2442 ,¹45⁴ygenera
338 2361 423 2442 liunt,
444 2363 518 2422 item
541 2359 750 2440 myrtidanum,
772 2366 806 2420 ut
825 2359 962 2420 diximus.
999 2365 1030 2419 et
1052 2358 1127 2419 alius
1152 2376 1227 2418 usus
1277 2415 1278 2430 ,

205 2451 295 2512 bacae
315 2450 372 2511 luit
390 2448 467 2528 apud
486 2451 633 2530 antiquos,
651 2451 809 2527 antequam
827 2449 914 2529 piper
931 2449 1124 2528 reperiretur,
1143 2446 1229 2506 illam
1243 2441 1278 2499 25'

207 2542 345 2620 optinens
368 2540 475 2619 vicem,
502 2541 533 2599 in
557 2537 687 2617 quodam
710 2538 799 2598 etlam
821 2547 931 2616 genere
958 2537 1075 2616 opsonii
1101 2537 1227 2596 nomine
1277 2591 1278 2596 ,

206 2629 275 2690 inde
299 2635 403 2709 tracto,
427 2627 506 2707 quod
529 2629 619 2688 etiam
641 2642 723 2687 nunc
745 2633 907 2706 myrtatum
929 2633 1060 2686 vocatur.
1105 2623 1226 2684 eadem-
1277 2671 1278 2722 ,

207 2735 265 2796 que
288 2718 402 2797 origiue
431 2733 573 2796 aprorum
601 2734 689 2795 sapor
716 2716 954 2797 commendatur,
981 2713 1158 2795 plerumque
1189 2714 1226 2772 ad

206 2808 351 2868 intinctus
375 2804 481 2865 additis
504 2807 618 2885 myrtis.
1277 2823 1278 2828 ¹

277 3015 347 3068 lut
363 3013 393 3068 in
411 3013 494 3068 ostii.
522 3015 555 3067 ut
571 3027 616 3067 ro.
706 3011 806 3067 baleo
825 3011 947 3066 edVerc.
976 3007 1223 3065 alio'll.e'dd.aete

103 3098 105 3102 ’
212 3084 287 3140 Verc.
368 3083 529 3140 isembuci
546 3088 613 3137 edo.
695 3082 810 3138 Slauro
828 3086 893 3138 ado.
978 3087 1011 3136 12
1030 3083 1125 3136 crusta
1138 3079 1219 3132 Dido.

207 3156 329 3211 er-1l¹o.
358 3173 457 3213 emeca
473 3173 498 3210 a.
609 3161 641 3210 13
660 3171 740 3209 more
758 3154 871 3208 owed.
903 3153 980 3207 mala
996 3156 1120 3207 morso.
1144 3149 1220 3204 mala

206 3229 278 3284 hore
295 3229 357 3284 11¹0.
390 3229 492 3284 male..
512 3243 601 3282 ore.·..
620 3244 645 3281 ι.
677 3225 823 3280 melimela
844 3241 924 3280 mora
947 3241 970 3280 o.
1000 3225 1006 3292 l
1036 3224 1100 3279 diet.
1118 3221 1192 3277 Dctl.
1216 3219 1223 3292 l

208 3299 423 3371 carthileginem
440 3306 491 3355 no.
572 3302 608 3351 14
626 3297 735 3352 caricae
754 3295 1086 3352 lieddmateBaeDetl.
1115 3296 1149 3348 ut
1165 3309 1226 3348 eer-

207 3372 325 3426 ed.Bos.
405 3375 439 3424 15
458 3369 564 3425 eisdem
582 3384 655 3438 quae
673 3367 758 3423 ostie.
787 3367 886 3423 endem
904 3365 1038 3423 addente
1046 3364 1108 3421 Sall.
1193 3371 1227 3419 19

208 3459 246 3565 qq
258 3439 493 3568 {ggpriffieysw
551 3446 599 3565 221
610 3438 825 3566 θῗίιιιθιιὶιτῗῢθὲίῖο
820 3440 875 3564 qu.
883 3437 1011 3565 {deff}
1039 3437 1105 3563 ἃ
1109 3435 1230 3559 ᾱΙῖανά.

208 3531 229 3564 -r
312 3531 348 3567 ,α
428 3527 460 3568 e.
607 3525 748 3565 remc
804 3525 1039 3566 .or..as.
1105 3523 1230 3562 .-ar.

91 3629 94 3637 .
180 3579 274 3636 'lius
292 3582 350 3637 Ger.
377 3583 452 3638 libas
471 3581 681 3638 addentem
790 3587 824 3637 26
842 3582 872 3636 in
890 3585 1003 3637 om.do.
1032 3581 1037 3648 Ι
1066 3593 1168 3649 genere
1190 3579 1231 3639 ,Ν
1276 3625 1277 3652 ,

207 3652 281 3707 Dctl.
309 3669 382 3708 rose
401 3657 425 3709 cl.
454 3667 544 3706 -rosae
562 3653 624 3708 Βία.
653 3652 721 3708 -rosi
739 3669 785 3708 eo.
