2624 3954
378 114 461 168 uxr.
481 114 573 168 uisu.
594 82 684 171 xlae
704 118 831 186 (sn—cr)
1046 116 1111 180 247

96 263 223 343 homiui,
248 280 337 342 equo,
368 265 490 344 exserti,
514 271 656 344 utapro,
683 265 918 346 hippopotamio,
946 265 1112 346 elephanto.

96 354 310 413 continuorum
333 353 385 430 qui
412 352 552 430 digerunt
580 352 680 414 cibum
702 353 754 414 lati
781 362 811 414 et
838 357 931 436 acuti,
965 357 1015 434 qui
1043 373 1112 416 con·

96 441 204 502 ficiunt
227 440 373 521 dupliceS,
401 442 452 520 qui
481 442 686 502 discriminant
713 461 765 504 eos
793 445 890 503 canini
918 443 1111 523 appellantur.

97 529 129 588 hi
157 536 227 591 suut
255 531 377 590 serratis
400 529 572 608 longissimi.
619 532 754 596 continui
783 538 834 592 aut
863 539 989 612 utraque
1018 540 1165 612 parte1ct
1198 563 1202 570 -

70 620 159 686 soris
182 625 265 698 sunt,
288 627 321 678 ut
345 636 435 698 equo,
459 627 509 679 arrt
533 621 688 699 superiore
711 622 859 698 primores
883 638 942 680 uon
966 630 1050 702 suut,
1081 628 1113 681 ut

97 705 209 788 bubus,
238 705 341 767 ovibus
365 706 563 788 omnibusque
588 726 662 788 quae
686 710 847 769 ruminant.
892 726 996 789 caprae
1025 729 1112 789 supe·

96 797 193 855 riores
216 813 277 855 nou
301 803 371 856 sunt
393 804 513 873 praeter
535 798 682 876 primores
712 799 855 876 geminos.
901 797 975 857 uulli
1002 801 1113 859 exserti

96 882 208 962 quibus
232 886 353 964 serrati,
377 903 445 944 raro
468 885 609 966 feminae,
637 894 667 946 et
690 893 789 954 tamen
813 888 877 946 sinc
902 905 967 947 usu.
1012 889 1111 966 itaque

97 991 167 1034 cum
190 975 254 1053 apri
281 975 463 1054 percutiant,
496 974 622 1034 feminae
653 993 722 1034 sues
751 976 898 1035 mordent.
951 974 1023 1035 nulli
1055 978 1104 1036 cui
1117 984 1165 1030 roe

55 1076 82 1116 10
96 1079 210 1122 cornua
229 1064 350 1141 exserti,
373 1061 425 1122 sed
444 1061 582 1124 omuibus
601 1064 732 1144 concavi,
755 1064 864 1124 ceteris
888 1063 993 1123 dentes
1017 1063 1111 1124 solidi.

94 1151 223 1230 piscium
246 1149 384 1212 omnibus
408 1153 514 1211 serrati
540 1161 660 1231 praeter
688 1169 819 1233 scarum,
846 1151 916 1212 huic
944 1154 997 1212 uni
1025 1171 1112 1232 aqua·

95 1239 192 1300 tilium
214 1238 306 1318 ploni.
353 1247 453 1300 cetero
477 1240 578 1301 multis
602 1260 706 1303 eorum
729 1243 760 1300 iu
784 1240 884 1321 lingua
903 1241 937 1301 'et
955 1241 1022 1302 'toto
1051 1260 1112 1321 ore,

95 1335 130 1388 ut
161 1326 250 1388 turba
281 1327 436 1389 vulnerum
467 1329 600 1392 molliant
632 1349 707 1410 quae
744 1331 848 1391 attritu
880 1329 1020 1408 subigere
1052 1349 1112 1390 uon

96 1424 220 1494 queunt.
257 1416 358 1478 multis
381 1424 412 1478 et
433 1419 465 1478 iu
483 1418 590 1500 palato,
613 1427 702 1499 atque
727 1421 816 1479 etiam
839 1421 870 1478 iu
894 1418 995 1479 cauda.
1028 1437 1112 1498 prae·

55 1519 82 1559 15
96 1511 179 1566 terea
201 1507 233 1565 in
255 1522 289 1565 os
312 1514 478 1587 vergentes,
501 1526 539 1567 ue
563 1508 699 1569 excidant
722 1506 782 1568 cibi
801 1506 915 1568 nullum
934 1507 1112 1570 habentibus

97 1593 246 1654 retinendi
269 1594 488 1656 adminiculum.

163 1675 238 1765 (62)
259 1681 376 1743 Similes
400 1684 494 1762 aspidi
517 1691 547 1744 et
566 1684 765 1766 serpentibus
789 1683 841 1744 sed
862 1685 921 1744 duo
940 1686 972 1745 iu
991 1702 1100 1764 supera
1114 1692 1165 1742 163

96 1779 194 1853 parte,
222 1771 326 1832 dextra
348 1771 488 1851 laevaque
516 1772 693 1854 longissimi,
722 1775 806 1834 tenui
833 1773 931 1833 fistula
959 1773 1113 1854 perforati,

96 1860 131 1921 ut
158 1862 349 1940 scorpionum
380 1859 488 1940 aculei,
518 1879 667 1922 venenum
696 1861 897 1922 infundentes.
943 1879 1002 1921 non
1032 1861 1112 1922 aliud

55 1949 154 2010 roboc
178 1968 243 2011 esse
268 1947 420 2028 quamlel
444 1951 642 2030 serpentium,
671 1957 701 2009 et
729 1949 797 2011 inde
826 1966 915 2008 venas
944 1949 999 2009 sub
1028 1952 1113 2028 spina

96 2039 132 2099 ad
159 2057 193 2098 os
220 2039 377 2117 pervenire
406 2036 624 2115 diligentissimi
651 2045 789 2097 auctores
816 2036 965 2117 scribunt,
993 2038 1113 2115 quidam

96 2145 190 2188 unum
217 2144 283 2186 esse
314 2144 384 2185 eum
413 2134 456 2204 et,
487 2127 555 2204 quia
586 2127 625 2185 sit
654 2125 800 2205 aduncus,
831 2127 1012 2204 resupinari,
1044 2144 1113 2186 cum

95 2213 299 2294 momorderit,
317 2213 408 2291 aliqui
427 2220 492 2273 tum
510 2212 649 2274 decidere
668 2231 738 2274 eum
756 2231 921 2290 rursusque
940 2231 1112 2274 recrescere

96 2302 212 2364 facilem
235 2301 377 2381 decussu,
405 2308 436 2362 et
459 2303 522 2361 sine
546 2321 581 2362 eo
606 2321 671 2362 esse
700 2291 774 2380 quas
802 2303 923 2362 tractari
946 2320 1111 2363 cernamus.

55 2404 82 2445 25
96 2392 262 2471 scorpionis
281 2390 390 2451 caudae
409 2392 508 2450 inesse
532 2408 601 2451 eum
624 2400 654 2452 et
672 2390 822 2470 plerisque
846 2397 956 2452 ternos
993 2391 1103 2470 viperis
1115 2399 1165 2450 164
1186 2395 1190 2398 ’

97 2480 202 2542 dentes
224 2482 340 2560 gingiva
364 2479 542 2540 conduntur.
584 2479 656 2539 haec
680 2479 786 2540 eodem
808 2496 973 2558 praegnans
996 2497 1111 2540 veneno

96 2571 233 2648 inpresso
257 2569 391 2629 dentium
414 2567 537 2646 repulsu
565 2570 646 2628 virus
675 2567 773 2628 fundit
801 2569 831 2628 in
859 2586 985 2628 morsus.
1031 2568 1111 2629 volu-

98 2675 183 2718 crum
212 2656 286 2717 nulli
316 2656 420 2716 dentes
449 2665 568 2736 praeter
598 2656 848 2737 vespertilionem.
894 2655 1025 2717 camelus
1054 2675 1118 2720 uua

99 2805 312 2814 -—---——-——-·

110 2935 112 2937 .
170 2881 296 2936 lexerli-
310 2882 342 2935 ιιι
359 2880 511 2935 meduez.
544 2880 593 2934 -rti
610 2880 647 2932 Β1
661 2881 794 2935 eddonis
804 2879 861 2935 uer.
898 2882 938 2934 ιι
954 2897 978 2934 r.
1009 2883 1013 2948 Ι
1043 2897 1111 2950 apro

97 2955 191 3007 Dede.
218 2969 269 3022 pro
287 2952 331 3008 13¹.
360 2953 410 3006 dol.
429 2951 473 3005 12².
499 2953 503 3020 1
528 2951 731 3021 hippopotamo
749 2954 822 3005 Rdo.
851 2951 1039 3019 cfr.VI1195.

98 3024 188 3078 horis
207 3040 230 3077 u.
260 3023 302 3078 ori
320 3024 347 3078 ll.
430 3022 648 3091 homnibuaque
667 3039 717 3077 om.
736 3021 779 3078 12¹.
886 3021 1046 3092 igeminos
1065 3026 1110 3077 do.

95 3094 224 3166 genuinis
243 3112 266 3148 r.
340 3100 374 3150 10
393 3093 495 3148 exserti
512 3111 536 3149 o.
566 3093 667 3148 exertis
685 3095 713 3150 ll.
787 3093 959 3162 repleuit.
987 3091 1064 3162 pleni
1083 3095 1111 3148 ll.

169 3172 203 3220 14
225 3165 415 3234 aequoniam
433 3165 463 3218 in
486 3164 575 3220 canda
596 3165 724 3220 omniur
746 3163 953 3232 interpolatoris
975 3179 1041 3230 esec,
1064 3165 1113 3233 qni

96 3237 183 3292 Arist.
202 3237 235 3292 dc
248 3241 326 3306 pari.
345 3235 660 3305 ao.1111p.662A,7
677 3238 774 3290 πολλοὶ
794 3236 819 3290 δ’
832 3235 923 3301 ἔχουει
941 3237 986 3288 καὶ
1005 3235 1035 3288 ἐν
1052 3241 1112 3289 scic

96 3309 233 3374 γλώτταιε
246 3309 365 3363 ὀδόντα(
379 3310 424 3362 καὶ
438 3308 468 3361 ἐν
482 3312 541 3361 τοι(
560 3307 689 3373 οὐρανοῖς
707 3307 812 3360 incenit
829 3307 957 3360 uitiatum
975 3305 1112 3359 laetiorum

98 3380 132 3441 ἐνι
142 3384 202 3434 sctit
215 3379 319 3447 cepere.
342 3380 400 3433 nisi
412 3379 483 3446 forte
499 3377 613 3432 Plinius
626 3379 685 3446 ipse
702 3375 734 3430 in
750 3393 801 3431 eno
819 3376 969 3444 exceptori
986 3380 1111 3429 utram·

98 3465 158 3519 que
176 3450 326 3516 kalonem,
344 3455 375 3504 ,et
392 3466 483 3504 oerum
502 3453 527 3504 ei
549 3448 664 3516 salsam,
686 3448 799 3502 incenit.
882 3453 914 3500 19
935 3445 1112 3514 scorpionum

99 3523 144 3574 dv.
173 3520 262 3589 pioni
280 3539 304 3578 ιι.
332 3521 411 3590 -poni
424 3525 482 3574 DB.
568 3525 603 3574 26
622 3517 796 3589 gingiueut
825 3533 886 3571 -uas
900 3517 966 3570 lvd.
995 3515 1067 3570 dnus
1087 3534 1110 3572 a.

98 3590 227 3666 gigniues
246 3598 276 3646 1).
