2608 3958
233 153 276 218 36
360 123 364 129 ’
580 149 609 204 e.
628 147 730 204 3133·
745 147 904 204 succum

233 295 355 382 perire?
383 317 458 378 quos
480 298 583 358 hostes
606 298 712 358 vicisse
735 299 810 358 tanti
834 294 911 358 luit?
941 304 992 358 aut
1014 315 1091 377 quos
1115 315 1180 358 non
1211 296 1269 357 113-

233 407 323 450 33333
351 405 518 466 currusque
547 385 596 446 illa
624 385 838 447 suaviolentia
861 386 980 447 fortuna
1008 387 1169 468 retroegit,
1207 405 1270 466 per

233 477 361 538 mediam
387 475 494 540 urbem
522 493 646 536 censore
670 481 766 534 133313
794 507 836 518 --
864 476 976 536 etenim
1003 474 1065 536 sola
1087 474 1163 536 baec
1196 493 1268 536 mo·

233 565 418 628 randiratio
441 565 554 645 133331,
580 597 622 608 -
650 570 746 624 tracto
773 564 805 624 in
828 561 1006 642 Capitolium
1033 563 1083 624 illo
1111 565 1144 624 in
1173 564 1269 643 quod

233 654 420 734 triumphans
447 657 511 733 ipse
540 652 664 713 deorum
692 653 806 712 exuviis
833 670 871 712 ne
899 655 1031 732 33311333
1058 652 1184 732 quidem
1219 655 1293 713 sies

181 751 233 804 141
242 739 396 806 traxerat?
445 741 625 803 maius-hoc
655 740 921 802 3331331311311313
952 748 1112 803 consecuta
1139 742 1269 803 laetum

234 840 293 915 331,
320 830 488 912 periclitato
511 830 701 891 Macedonico
724 829 770 889 vel
793 831 884 890 13333
906 836 1023 892 tantum
1045 847 1079 892 ac
1102 830 1161 892 tale
1187 849 1266 911 per·

234 920 319 1002 dere,
343 923 375 981 in
398 938 458 999 quo
481 939 498 980 a
520 918 749 1001 triumphalibus
772 918 874 980 liberis
896 926 1068 998 portaretur
1090 922 1122 979 in
1144 937 1267 999 rogum

233 1011 315 1072 33131
346 1010 497 1089 exsequiis
529 1026 648 1088 quoque
678 1007 873 1088 triumphans.
928 1007 1009 1068 33113
1040 1015 1087 1068 331
1115 1009 1266 1088 31313313

234 1099 327 1161 solida
354 1097 479 1160 felicitas
507 1114 596 1177 (31331
624 1095 803 1158 contumelia
829 1095 889 1158 ulla
906 1097 987 1176 'vitae
1016 1098 1111 1178 rupit,
1140 1098 1265 1158 nedum
1280 1109 1297 1148 11

233 1197 323 1250 tanta.
370 1187 449 1266 33311
473 1193 625 1266 superest,
655 1186 756 1246 nescio
779 1203 898 1246 morum
920 1185 1029 1264 gloriae
1058 1203 1096 1245 an
1117 1185 1264 1266 indigna-

234 1279 324 1340 tionis
352 1276 448 1337 dolori
477 1274 611 1354 accedat,
646 1277 726 1334 13133
753 1282 798 1334 131
824 1273 958 1334 Metellos
986 1282 1047 1334 tam
1076 1275 1264 1336 sceleratam

234 1365 266 1428 C.
288 1365 369 1426 Atini
392 1363 545 1426 audaciam
567 1379 686 1442 semper
708 1363 801 1423 luisse
824 1362 957 1425 inultam.

183 1461 234 1512 141
302 1448 362 1516 45.
396 1446 470 1535 (46)
515 1450 549 1512 ln
568 1452 645 1512 ¹diro
672 1469 792 1530 quoque
815 1453 962 1532 Augusto,
995 1470 1085 1530 quem
1112 1453 1261 1513 universa
1296 1453 1297 1464 ¹

233 1542 397 1604 mortalitas
415 1543 448 1602 13
466 1540 521 1602 bac
540 1557 667 1601 censura
685 1549 851 1620 nuncupet,
874 1543 900 1601 si
918 1540 1076 1620 diligenter
1094 1543 1261 1602 aestimen-
1277 1531 1297 1630 ¹i

233 1639 285 1695 tur
313 1638 433 1709 333313,
463 1646 568 1708 magna
591 1631 681 1690 333113
704 1629 848 1690 humanae
876 1632 1065 1709 reperiantur
1087 1629 1260 1691 volumina:
1296 1631 1297 1638 ’

234 1720 354 1798 33311133
380 1721 412 1779 13
434 1720 604 1821 magisterio
628 1719 763 1796 equitum
791 1718 869 1797 apud
892 1717 1072 1780 avunculum
1094 1726 1125 1778 et
1147 1727 1259 1780 contra

233 1809 410 1911 petitionem
424 1808 488 1868 eius
501 1808 652 1887 praelatus
661 1805 801 1887 Lepidus
811 1805 830 1847 1
846 1806 1024 1887 collegium
1016 1825 1047 1870 1n
1061 1809 1257 1868 triumviratu

136 1923 137 1928 ¹
233 1898 433 2000 pessimorum
457 1897 579 1976 civium,
597 1913 653 1956 333
676 1913 770 2000 aequa
794 1895 898 1956 saltem
920 1897 1067 1977 portione,
1091 1895 1144 1956 sed
1165 1914 1256 1976 prae-

184 1989 234 2041 148
244 2003 326 2064 grava
342 1975 480 2065 Antonio,
503 1983 523 2024 1
537 1986 765 2064 proscriptionis
787 1983 935 2066 13331131
958 1984 1143 2064 Philippensi
1164 2003 1257 2064 proe·
1272 1993 1296 2034 11

234 2074 274 2135 lio
298 2073 407 2154 morbi,
431 2074 499 2152 luga
517 2080 548 2134 31
567 2073 697 2134 triduo'
689 2093 721 2134 13
738 2073 851 2153 palude
869 2075 982 2153 aegroti
1002 2079 1032 2133 et
1055 2066 1104 2155 (ut
1119 2073 1256 2136 latentur

234 2163 364 2243 Agrippa
387 2180 421 2222 33
444 2156 615 2243 Maecenas)
638 2162 1190 2241 33333311331331313133313131111
1213 2163 1256 2222 la·

234 2252 328 2332 tebra,
352 2251 504 2329 naufragia
523 2249 622 2310 Sicula
645 2257 675 2310 31
698 2250 753 2311 3113
775 2250 816 2311 ibi
840 2269 959 2330 quoquc
982 2253 1014 2310 in
1037 2250 1180 2330 spelunca
1204 2270 1255 2311 oc·
1295 2303 1296 2308 ,

234 2340 366 2420 33113113,
388 2341 497 2400 iamin
515 2337 609 2399 333311
627 2338 697 2417 iuga
720 2347 867 2418 urguente
886 2339 1017 2401 bostium
1036 2355 1127 2400 manu
1145 2359 1256 2418 preces
1295 2339 1296 2392 ἒ

234 2427 391 2490 Proculeio
423 2428 528 2489 mortis
560 2428 708 2509 admotae,
743 2445 815 2488 cura
846 2428 1009 2490 Perusinae
1042 2430 1255 2508 contentionis,
1269 2437 1292 2478 11

234 2515 403 2578 sollicitudo
425 2515 529 2576 Martis
551 2515 677 2595 Actiaci,
704 2516 883 2578 Pannonicis
906 2517 992 2578 bellis
1014 2519 1101 2578 ruina
1125 2537 1140 2577 3
1164 2519 1254 2596 13331,

184 2612 289 2666 141131
312 2604 474 2666 seditiones
497 2604 638 2686 militum,
668 2607 880 2685 131333131133
902 2605 1000 2666 morbi
1022 2608 1171 2686 corporis,
1202 2625 1251 2666 33-

235 2702 338 2773 333313
359 2692 489 2754 Marcelli
511 2702 591 2774 3313,
621 2692 759 2772 pudenda
781 2694 926 2774 Agrippae
952 2694 1110 2774 ablegatio,
1140 2698 1252 2756 totiens

210 2784 328 2862 petita
353 2781 469 2842 insidiis
491 2785 563 2863 3113,
592 2785 744 2843 incusatae
767 2782 930 2844 liberorum
957 2791 1069 2844 mortes
1091 2782 1252 2862 luctusque

234 2889 295 2932 non
323 2877 439 2932 1331331
466 2870 592 2932 orbitate
620 2872 731 2952 tristis,
760 2871 939 2935 adulterium
967 2872 1042 2933 liliae
1071 2879 1101 2932 31
1128 2873 1290 2933 3333111311

233 2958 399 3039 parricidae
421 2959 518 3039 palam
540 2960 626 3040 facta,
649 2961 881 3022 contumeliosus
904 2963 1032 3040 privigni
1055 2959 1182 3044 Neronis
1206 2980 1251 3020 33-

239 3119 452 3126 ——m

306 3201 452 3255 tilloit
481 3201 561 3255 -.133
589 3201 693 3256 -lndu
756 3207 984 3257 iacBNJomr
1045 3197 1295 3283 ldmmpitltff

235 3290 274 3328 33
292 3271 399 3341 ruperit
417 3271 535 3342 (333111.1
620 3277 651 3327 15
674 3276 817 3343 nuncupet
834 3271 913 3327 1t²d².
942 3275 1004 3343 -331
1021 3291 1046 3327 a.
1074 3272 1169 3342 -3111,
1294 3255 1295 3356 i

237 3343 463 3398 11333113313111
485 3361 510 3398 ι.
538 3343 644 3400 colum
665 3343 710 3398 111.
738 3343 885 3400 celarium
907 3343 1295 3399 111-3311313133.1

236 3418 270 3468 18
291 3419 356 3483 posi
373 3414 542 3499 Lepidusll
567 3415 961 3486 1131331133.313331131131113
979 3414 1098 3482 invidie,
1116 3431 1186 3484 31133
1203 3429 1248 3497 epo
1294 3399 1295 3514 i

234 3486 420 3555 pomposo·
408 3503 478 3542 mo.
488 3491 535 3543 20
590 3486 1247 3567 313311111331311111113333.1333113-

234 3573 289 3626 pae
307 3556 458 3628 111-33111
475 3557 520 3611 12².
541 3560 599 3628 133
617 3558 765 3614 Maecenas
783 3575 833 3616 331
852 3559 1069 3614 11331311331.
1124 3556 1246 3612 3333111-

233 3629 528 3684 131313.-.1313313
