2588 3956
191 119 233 185 aa
538 107 889 196 coniuratorum

154 279 170 326 ι
190 267 361 355 saltantium
383 269 480 330 modo.
507 268 627 346 vulgare
651 274 715 328 erat
733 285 788 346 per
810 277 898 326 auras
920 283 1001 327 arma
1023 266 1124 326 iacere
1151 280 1217 326 non

190 357 395 419 auferentibus
417 360 515 419 ventis
537 363 626 436 atque
653 358 733 417 inter
756 370 788 416 se
812 355 1000 434 gladiatorios
1025 371 1218 433 congressus

190 445 278 507 edere
306 455 365 508 aut¹
384 447 554 508 lasciviente
581 445 721 526 pyrriche
749 444 917 506 conludere.
962 451 1065 524 postea
1094 451 1125 503 et
1157 460 1218 522 per

190 536 277 596 funes
304 537 469 617 incessere,
499 535 614 596 lecticis
642 537 729 596 etiam
752 533 884 596 ferentes
912 534 1049 612 quaterni
1071 529 1217 610 singulos

189 642 352 704 puerperas
375 627 539 706 imitanteS,
561 623 717 704 plenisque
735 623 855 684 homine
875 622 1013 685 tricliniis
1035 620 1217 683 accubitum
1234 638 1250 678 5

189 715 252 773 iere
274 713 441 792 perlectos
463 715 505 775 ita
522 713 637 775 libratis
659 714 804 794 vestigiiS,
826 730 865 772 ue
888 713 955 790 quis
972 712 1144 791 potantium
1170 717 1217 773 at·

190 804 365 881 tingeretur.

155 901 170 948 c
226 895 227 900 ’
257 885 291 953 3.
312 885 364 974 (3)
392 889 515 952 Certum
539 898 585 952 est
604 907 698 951 unvvm
716 889 856 950 tardioris
873 891 985 968 ingenii
1008 891 1040 950 in
1058 890 1216 968 aecipien-

189 979 236 1040 dis
259 998 335 1058 quae
357 979 551 1041 tradebantur
579 981 697 1058 saepius
726 980 902 1057 castigatum
930 976 1105 1040 verberibus
1131 995 1216 1040 eun-

189 1067 258 1132 dem
279 1068 329 1129 illa
352 1069 543 1130 meditantem
571 1077 662 1128 noctu
684 1075 847 1148 repertum.
892 1069 1003 1128 mirum
1025 1068 1155 1127 maxime
1183 1075 1216 1127 et
1231 1085 1263 1123 ro

189 1156 321 1218 adversis
344 1158 463 1237 quidem
486 1156 608 1218 funibus
631 1155 742 1238 subire,
765 1163 795 1216 et
815 1155 944 1237 regredi,
966 1157 1069 1234 utique
1092 1159 1215 1235 pronis.

189 1245 374 1306 Mucianus
397 1260 438 1307 111
466 1245 571 1306 consul
595 1253 699 1306 auctor
722 1253 768 1306 est
791 1244 919 1323 aliquem
946 1263 983 1304 ex
1004 1243 1051 1304 his
1075 1251 1105 1304 et
1127 1243 1213 1306 litte-

189 1353 291 1394 rarum
313 1335 422 1396 ductus
445 1334 625 1394 Graecarum
648 1333 787 1394 didicisse
815 1333 994 1412 solitumque
1016 1332 1213 1411 perscribere

144 1469 147 1475 .
189 1425 254 1483 eius
276 1423 394 1502 linguae
418 1422 534 1483 verbis:
575 1422 656 1502 lpse
679 1441 743 1500 ego
766 1421 853 1482 hacc
876 1423 1009 1501 scripsi
1032 1429 1067 1485 et
1089 1422 1212 1501 spolia

190 1509 328 1572 Celtica
355 1511 484 1592 dicavi,
515 1515 647 1591 itemque
676 1529 708 1572 se
737 1511 853 1572 vidente
880 1509 1026 1592 Puteolis,
1058 1529 1128 1571 cum
1158 1511 1209 1571 ad·
1225 1528 1258 1568 ιι

188 1601 266 1659 vecti
298 1618 314 1660 e
347 1617 420 1660 nave
457 1600 559 1678 egredi
591 1607 782 1681 cogerentur,
819 1601 941 1660 territos
978 1601 1072 1678 spatio
1104 1603 1210 1679 pontis

187 1687 293 1765 procul
317 1705 333 1746 a
357 1690 528 1749 continente
549 1691 695 1769 porrecti,
724 1695 758 1749 ut
781 1707 847 1748 sese
870 1687 1094 1767 longinquitatis
1117 1692 1208 1751 aesti-

188 1776 317 1836 matione
341 1776 490 1858 fallerent,
513 1795 632 1838 aversos
654 1784 807 1838 retrorsus
829 1779 897 1838 isse

138 1875 168 1929 ,7
256 1857 308 1946 (4)
331 1863 475 1926 Praedam
497 1867 555 1944 ipsi
577 1867 610 1926 in
633 1885 665 1926 se
687 1865 882 1946 expetendam
905 1867 1004 1926 sciunt
1021 1865 1115 1926 solam
1139 1885 1205 1926 esse

187 1953 220 2011 in
247 1955 338 2014 armis
365 1955 441 2036 sule,
474 1972 549 2033 quae
574 1953 661 2015 Iuba
688 1973 800 2016 cornua
828 1954 967 2034 appellat,
998 1954 1204 2015 Herodotus
1219 1971 1253 2011 ao

187 2048 270 2102 tanto
293 2044 443 2122 antiquior
466 2051 496 2104 et
519 2043 704 2104 consuetudo
726 2042 833 2104 melius
855 2044 969 2106 dentes
1011 2042 1204 2122 quamobrem

188 2129 331 2192 deciduos
361 2150 432 2192 casu
460 2132 558 2212 aliquo
587 2133 634 2193 vel
664 2140 784 2193 senecta
811 2131 972 2192 defodiunt.
1022 2131 1079 2192 hoc
1108 2131 1204 2193 solum

188 2217 263 2280 ebvvr
293 2228 347 2281 est.
400 2227 501 2283 cetero
529 2229 560 2282 et
589 2223 622 2281 in
649 2219 696 2280 his
724 2238 842 2299 quoque
875 2239 932 2299 qua
961 2239 1072 2300 corpus
1097 2223 1204 2282 intexit

188 2307 283 2369 vilitas
306 2327 404 2390 ossea,
435 2327 614 2389 quamquam
636 2326 732 2387 nuper
756 2326 823 2369 ossa
846 2311 935 2369 etiam
957 2311 988 2369 in
1010 2308 1134 2369 laminas
1157 2328 1202 2370 se·

187 2398 249 2456 cari
268 2409 395 2477 coepere
412 2401 563 2478 paenuria.
592 2399 702 2458 etenim
721 2415 788 2456 rara
806 2397 1050 2476 amplitudo‘iam
1068 2396 1203 2458 dentium
1216 2413 1248 2452 ss
1287 2447 1288 2460 ,

186 2492 397 2564 praeterquam
426 2505 463 2546 er
492 2486 575 2547 ludia
604 2488 768 2567 reperitur,
805 2493 905 2546 cetera
934 2488 965 2546 in
995 2495 1099 2547 nostro
1129 2486 1202 2547 orbe

151 2579 316 2633 arcessere
337 2573 480 2636 luxuriae.
535 2576 670 2636 dentium
702 2574 829 2635 candore
860 2574 1043 2653 intellegitur
1074 2577 1202 2638 iuventa.

187 2661 267 2720 circa
289 2661 343 2722 hos
366 2661 462 2724 beluis
491 2682 605 2726 summa
629 2681 709 2724 cura.
759 2662 881 2736 alterius
909 2666 1045 2724 mucroni
1067 2673 1202 2746 parcunt,

187 2765 225 2808 ue
249 2751 288 2808 sit
310 2751 432 2829 proeliis
454 2751 560 2834 hebes,
592 2752 714 2812 alterius
741 2753 878 2831 operario
905 2771 963 2813 usu
986 2751 1104 2813 fodiunt
1126 2753 1200 2814 radi-
1287 2737 1288 2830 l

187 2855 237 2896 ces
241 2839 420 2918 ,inpellunt
443 2841 545 2902 moles.
575 2843 829 2944 circumveptique
852 2859 869 2900 a
891 2840 1067 2902 venantibus
1089 2843 1200 2920 primos
1214 2857 1242 2896 cc
1287 2823 1288 2918 l

188 2884 375 2990 ocubutvruut
398 2928 507 3008 quibus
534 2932 601 2990 sint
621 2931 748 3010 minimi,
781 2948 819 2992 ue
846 2931 921 2990 tanti
947 2930 1095 3011 proelium
1116 2938 1170 3012 put
1171 2949 1199 2990 e-

186 3119 400 3128 »ov-*—

258 3238 385 3294 tuentis
403 3239 509 3294 111212,
537 3241 683 3296 utentior.
756 3241 933 3311 bplerisque
950 3246 1004 3296 Μ.
1077 3241 1142 3296 Sin
1157 3241 1196 3297 1².
1287 3231 1288 3256 ¹

185 3325 236 3378 pro
255 3307 317 3363 «1²1⁸.
340 3327 433 3365 onam
510 3317 580 3366 ulo
599 3312 717 3368 eundem
735 3313 780 3366 12².
808 3313 948 3368 eademr.
977 3313 1027 3380 cfr
1047 3314 1099 3368 lue.
1113 3330 1144 3382 p.
1154 3317 1195 3368 63.

258 3386 290 3434 11
311 3382 341 3435 et
356 3381 430 3436 Dett.
456 3382 506 3438 sed
524 3384 581 3437 ltu
606 3385 689 3438 certo
706 3384 855 3439 mirum-
822 3385 965 3455 -pronis
982 3385 1139 3439 uidentur
1126 3400 1194 3438 eno.

185 3455 223 3505 18
235 3457 301 3518 post
318 3454 482 3508 retrorsus
473 3470 528 3509 isse
549 3456 755 3522 transponenda
772 3471 834 3510 esee.
907 3461 940 3510 12
964 3455 1018 3510 IIII
1041 3459 1094 3508 lto.
1163 3459 1195 3510 24

186 3537 266 3576 ossea
284 3523 356 3593 (osse
374 3525 418 3593 1²)
437 3541 578 3594 quaquam
595 3525 687 3580 DN.
715 3543 777 3581 osse
795 3526 976 3596 aliquaquam
994 3524 1032 3580 ι2.
1049 3526 1081 3596 Ι“
1073 3544 1103 3581 m
1120 3525 1195 3580 lanas

185 3592 251 3647 11211.
272 3594 376 3649 elanus
394 3596 438 3649 12¹
511 3601 544 3650 31
565 3599 672 3650 sunta.
697 3602 774 3652 ssB.
