2636 3952
388 141 472 194 Nur.
491 102 584 194 HIST.
604 140 642 194 xi
661 146 695 194 ov
716 143 842 209 (eo—ao)
1058 141 1121 204 241

105 294 218 372 pingui.
250 290 329 350 aliud
349 307 414 350 esse
434 307 522 368 quam
541 288 700 349 medullam
719 288 828 350 eruditi
847 289 964 370 docent,
984 293 1124 370 quoniam

106 379 262 460 coquendo
291 379 438 439 durescat.
484 380 616 438 omnium
644 377 767 438 cerebro
795 378 892 439 medio
919 381 1023 440 insunt
1049 383 1123 440 ossi·

107 468 174 530 cula
201 473 304 549 parvas
349 471 402 527 uni
429 467 541 527 homini
567 468 599 526 in
629 467 751 527 infantia
781 466 903 546 palpitat
936 486 991 529 neo
1022 488 1122 529 corro-

107 557 231 618 boratur
246 564 313 617 ante
327 558 459 635 primum
477 557 624 616 sermonis
644 556 806 616 exordium.
834 559 892 617 icoc
906 565 951 618 est
964 561 1114 619 viscerum
1126 563 1176 613 135

80 648 346 707 sexcclsissr'mum
361 648 595 723 proximumque
615 643 706 725 caelo,
726 645 839 725 capitis,
858 647 922 705 sine
942 665 1040 727 carne,
1059 650 1122 708 sine

107 732 229 814 cruore,
257 735 321 793 sine
350 732 497 794 sordibus.
548 733 624 798 liano
651 731 762 793 hahent
790 749 896 793 sensus
925 752 1036 816 arcem,
1062 735 1122 796 huc

106 840 250 883 venarum
272 825 369 882 omnis
397 841 414 882 a
437 821 526 882 corde
550 822 594 881 vis
617 821 722 902 tendit,
744 821 793 880 hic
818 820 939 903 desinit,
962 822 1018 883 hoc
1042 823 1122 884 colu·

108 929 177 972 men
200 911 385 992 altissimum,
407 910 456 970 hic
481 913 589 970 mentis
612 918 657 971 est
680 913 821 989 regimen.
864 909 1001 972 omnibus
1025 920 1123 973 autem

108 998 278 1062 animalium
307 1001 339 1060 in
368 1001 469 1078 priora
498 1017 642 1080 pronum,
675 1000 744 1078 quia
774 1006 804 1059 et
834 1017 941 1059 sensus
971 1007 1039 1060 ante
1069 1019 1123 1060 nos

51 1106 94 1146 ,ιο
108 1088 244 1150 tendunt.
281 1087 317 1148 ab
342 1106 377 1148 eo
400 1087 600 1167 proficiscitur
624 1105 755 1168 somnus,
778 1087 847 1147 hinc
871 1089 976 1167 capitis
999 1091 1122 1149 notatio.

107 1195 183 1256 quae
207 1176 365 1237 cerebrum
387 1195 448 1236 non
470 1175 581 1237 habent
603 1195 663 1236 non
687 1176 852 1238 dormiunt.-

176 1299 217 1308 -
242 1259 358 1347 (Cervis
381 1268 412 1326 in
436 1267 531 1344 eapite
560 1267 658 1326 inesse
682 1265 836 1325 vermiculi
859 1263 915 1324 suh
938 1265 1056 1344 linguae
1079 1267 1122 1325 in·

108 1355 217 1414 onitate
237 1361 268 1414 et
291 1356 369 1414 circa
393 1353 551 1416 articulum
574 1371 632 1432 qua
656 1361 745 1434 caput
768 1355 901 1432 iungitur
924 1372 1049 1414 numero
1073 1369 1123 1414 xx

108 1436 301 1525 produntur.)
326 1475 368 1486 —

67 1548 95 1587 15
177 1523 251 1612 (50)
282 1530 377 1591 Aures
404 1531 518 1598 homini
548 1539 663 1600 tantum
693 1530 858 1592 inmobiles.
905 1529 941 1590 ab
971 1532 1008 1590 iis
1032 1529 1176 1590 Flac-136

110 1637 215 1680 corum
242 1622 424 1698 cognomina.
470 1639 526 1680 nec
555 1622 586 1680 in
615 1620 670 1682 alia
697 1628 781 1699 parte
809 1620 928 1679 leminis
955 1621 1050 1679 maius
1078 1621 1122 1678 in·

108 1707 252 1787 pendium
275 1711 441 1786 margaritis
465 1708 711 1788 dependentibus.
752 1711 783 1768 in
803 1707 925 1768 Oriente
949 1707 1069 1787 quidem
1092 1717 1122 1768 et

108 1799 181 1856 viris
200 1815 306 1857 aurum
330 1815 364 1858 eo
388 1796 446 1857 loci
469 1805 587 1876 gestare
607 1798 699 1858 deeras
723 1798 918 1857 existimatur.
952 1796 1123 1856 animalium
1158 1791 1160 1796 ’

109 1885 174 1946 aliis
192 1887 319 1946 maiores
339 1885 403 1945 aliis
427 1887 570 1966 minores,
595 1887 690 1945 cervis
712 1892 829 1944 tantum
852 1887 961 1944 scissae
985 1903 1018 1944 ac
1042 1885 1123 1945 velut

65 1992 96 2032 eo
108 1975 233 2054 divisae,
256 1977 346 2034 sorici
368 1973 493 2054 pilosae,
521 1973 572 2034 sed
596 1973 710 2051 aliquae
739 1971 877 2033 omnibus
905 1971 1011 2032 animal
1039 1973 1121 2032 dum-

109 2071 188 2123 taxat
215 2061 428 2140 generantibus
455 2069 579 2139 exoepto
607 2060 698 2120 vitulo
727 2062 841 2119 marino
868 2067 956 2138 atque
979 2060 1176 2139 delphinoo‚ro

97 2158 142 2210 vet
160 2167 235 2228 quae
254 2148 442 2228 cartilaginea
461 2149 670 2228 appellavimus
689 2155 719 2208 et
737 2149 855 2226 viperis,
883 2147 956 2206 haee
975 2166 1114 2208 cavernas
1126 2157 1176 2208 137

110 2247 227 2313 tantum
253 2236 364 2297 habent
391 2239 508 2297 aurium
538 2237 602 2297 loco
619 2244 751 2316 -praeter
782 2235 969 2313 cartilaginea
1002 2243 1031 2296 et
1063 2235 1123 2296 del·

110 2327 251 2408 phinum,
286 2344 375 2406 quem
405 2335 504 2386 tamen
535 2324 636 2386 audire
667 2325 858 2385 manifestum
888 2331 942 2383 est.
995 2343 1064 2384 nam
1094 2332 1124 2384 et

1 2453 2 2456 =
69 2433 96 2474 ss
111 2423 201 2477 cantu
229 2415 399 2476 mulcentur
427 2422 458 2474 et
480 2416 639 2502 capiuntur
662 2415 780 2474 attoniti
804 2430 885 2473 sono.
924 2431 1050 2490 quanam
1073 2432 1122 2473 au·

110 2507 193 2567 (liant
223 2508 340 2566 mirum.
390 2501 480 2563 iidem
509 2523 565 2564 neo
595 2503 720 2563 ollactus
749 2503 872 2580 vestigia
901 2500 1024 2583 habent,
1055 2520 1124 2563 oum

110 2594 249 2654 olfaciant
277 2594 472 2672 sagacissime.
517 2595 709 2673 pinnatorum
732 2591 902 2651 animalium
924 2589 1037 2650 buboni
1059 2599 1122 2652 tan·

110 2690 224 2744 tumet
248 2689 297 2742 oto
320 2680 437 2760 plumae
461 2681 541 2742 velut
563 2699 660 2762 aures,
684 2681 792 2741 ceteris
816 2696 958 2739 cavernae
982 2679 1018 2740 ad
1042 2679 1123 2742 audi·

186 2906 327 2960 lerudito
345 2913 397 2960 Da.
502 2913 521 2963 v3
545 2904 653 2960 homini
675 2905 706 2958 in
728 2909 773 2958 do.
807 2904 897 2956 -inum
915 2921 937 2958 r.
969 2907 973 2970 Ι
1002 2905 1125 2974 palpitat

111 2977 198 3034 Rldo.
231 2979 293 3032 -ant
310 2995 333 3031 r.
418 2982 471 3030 3.4
490 2977 685 3031 corroboratur
702 2976 743 3030 cd.
762 2975 820 3030 Get.
853 2977 1126 3046 -antur1t(corroe

111 3049 191 3118 corr.)
211 3067 235 3104 a.
268 3049 384 3104 conbor·
402 3054 432 3101 D.
466 3048 592 3102 combur·
610 3050 635 3100 vl.
739 3047 903 3100 ‹thoe—5
922 3047 1081 3117 proximum
1099 3065 1124 3101 o.

111 3137 161 3175 om.
181 3122 208 3174 ll.
282 3119 423 3174 thabent
439 3123 492 3172 Ro.
517 3117 569 3171 hug
586 3121 610 3170 d.
638 3117 725 3172 habet
742 3135 765 3172 r.
791 3119 795 3186 Ι
820 3116 875 3170 huo
892 3134 917 3171 e.
945 3118 999 3173 hoo
1018 3120 1045 3172 u.
1074 3119 1124 3186 cfr.

115 3195 211 3246 Χ131.
238 3209 277 3246 an
294 3191 324 3244 in
341 3189 418 3244 hoc?
497 3193 548 3243 7.ss
568 3189 698 3243 columen
714 3192 745 3243 B.
775 3187 886 3242 culmen
903 3205 947 3243 ro.
1025 3191 1124 3244 9ante

113 3280 144 3317 os
162 3281 186 3316 a.
263 3267 377 3315 12-14
396 3276 480 3314 amcos
498 3276 545 3329 eqo
560 3261 651 3328 posui.
734 3263 767 3312 18
786 3259 849 3314 loeo
866 3263 892 3312 d.
975 3265 1009 3313 20
1029 3260 1124 3314 soricis

111 3333 156 3387 11².
172 3333 177 3404 l
193 3333 263 3402 aliq;
282 3333 444 3387 Redoleett.
473 3347 540 3400 -qua
558 3334 582 3383 vl.
611 3329 889 3385 auricolaeed.Bao.
912 3364 919 3371 ν
962 3335 995 3384 22
1015 3330 1125 3386 cartila-

113 3404 195 3474 ginea
212 3421 237 3458 o.
266 3421 314 3457 -na
331 3403 396 3456 1³¹⁸.
429 3409 479 3456 -na
497 3407 521 3457 d.
554 3401 721 3472 castiiagina
738 3400 809 3454 ΝΕ.
839 3402 844 3469 Ι
872 3400 927 3455 hae
945 3407 996 3454 ne.
1091 3407 1124 3454 23

112 3474 200 3528 habet
216 3481 296 3528 nita.
317 3475 321 3542 Ι
343 3473 525 3543 cartilaginea
542 3490 567 3527 o.
601 3480 650 3526 ma
667 3477 692 3524 d.
722 3489 770 3525 -na
788 3488 811 3526 r,
919 3477 952 3526 25
973 3470 1085 3525 attoniti
1102 3477 1126 3523 B

113 3559 235 3599 acerra.
262 3547 292 3598 et
310 3545 397 3599 coniti
414 3562 436 3598 r.
509 3551 543 3598 27
562 3543 727 3598 animalium
746 3547 791 3597 de.
818 3541 869 3596 lia
886 3541 925 3594 im
943 3549 990 3594 lie.
1017 3541 1067 3594 -lia
1085 3541 1125 3600 lm

113 3615 157 3668 El.
185 3614 236 3668 -lia
253 3616 339 3668 lmme
357 3615 402 3669 3¹.
474 3619 508 3668 28
527 3631 608 3679 aures
627 3619 672 3671 tie.
701 3613 750 3668 -ais
769 3631 792 3668 r.

167 3705 381 3746 Pamisummsu.
407 3705 439 3744 11.
932 3705 965 3760 15
1055 3705 1062 3718 '
