2636 3952
323 121 407 176 Nur.
426 121 518 177 nisu.
539 122 564 176 x
584 126 836 195 10-14(12-1a)
1029 122 1091 186 167

140 269 231 332 Corvi
253 271 374 350 pariunt
397 289 465 332 cum
487 272 650 350 plurimum
674 274 789 351 quinos.
835 291 887 333 ore
911 291 963 333 eos
985 291 1092 352 parere

65 369 123 422 aut
150 361 231 420 coire
255 358 361 438 vulgus
389 359 564 442 arbitratur,
592 359 719 440 ideoque
747 359 895 442 gravidas,
924 363 949 422 si
977 361 1094 422 ederint

67 451 232 510 corvinum
255 467 356 530 orum,
384 467 439 528 por
462 467 496 508 os
518 457 639 529 partum
661 448 787 510 reddere
820 458 909 528 atque
937 452 968 511 in
996 457 1094 512 totum

68 537 237 599 difficulter
259 555 374 617 parere,
398 540 424 598 si
442 546 522 598 tecto
541 538 717 599 inferantur.
749 538 970 600 Aristoteles
992 548 1093 619 negat:

37 639 135 688 onon
160 625 290 686 Hercule
312 628 406 704 magis
430 645 518 706 quam
540 629 572 686 in
586 626 718 706 Aegypto
741 626 823 708 ibim,
846 627 899 687 sed
921 627 1001 688 illam
1024 647 1092 688 exo-

70 715 272 777 sculationem
291 733 366 794 quae
386 733 474 794 saepe
498 717 632 776 cernitur
655 715 773 795 qualem
795 718 826 775 in
849 715 994 778 columbis
1018 735 1092 778 esse.

71 805 159 866 corvi
181 806 212 864 in
240 805 381 883 auspiciis
409 803 464 864 soli
486 804 626 865 videntur
652 804 837 865 intellectum
865 804 974 866 hahere
1003 807 1092 885 signi·
1112 807 1147 856 33
1228 811 1231 816 “

70 895 249 954 ficationem
272 910 401 953 suarum.
447 911 515 952 nam
538 911 607 954 eum
630 892 708 952 Medi
735 894 868 973 hospites
895 895 988 954 occisi
1015 901 1094 973 sunt,

72 999 181 1042 omnes
200 979 437 1060 ePeloponneso
456 989 487 1041 et
500 981 596 1042 Attica
615 984 736 1059 regione
756 981 938 1042 volaverunt.
966 984 1094 1061 pessima

28 1084 56 1123 10
72 1088 184 1132 eorum
206 1070 396 1149 significatio,
424 1088 493 1131 cum
515 1069 658 1149 gluttiunt
680 1088 785 1131 vocem
806 1070 888 1132 velut
911 1068 1094 1148 strangulati.

144 1171 219 1258 (16)
256 1175 355 1236 Uncos
387 1195 503 1255 ungues
535 1183 566 1236 et
597 1184 761 1236 nocturnae
795 1194 863 1236 aves
894 1175 1020 1256 habent,
1057 1183 1091 1236 ut
1111 1176 1147 1226 34

72 1275 218 1345 noctuae,
246 1263 339 1346 bubo,
367 1265 474 1325 ululae.
520 1267 653 1324 omnium
676 1264 784 1324 horum
811 1264 935 1326 hebetes
962 1261 1095 1325 interdiu

74 1354 165 1416 oculi.
203 1353 283 1413 bubo
306 1352 442 1414 funebris
465 1359 495 1413 et
513 1355 639 1413 maxime
659 1352 845 1414 abominatus
863 1352 991 1433 puhlicis
1010 1371 1094 1432 prae-

76 1447 166 1523 cique
197 1444 336 1522 auspiciis
367 1440 485 1502 deserta
508 1442 623 1522 incolit,
653 1459 710 1502 nec
739 1450 856 1504 tantum
883 1441 1014 1502 desolata
1042 1439 1094 1502 sed

31 1545 59 1586 1⁵
75 1533 142 1593 dira
156 1533 246 1592 etiam
266 1538 296 1591 et
314 1533 474 1612 inaccessa,
497 1533 595 1591 noetis
613 1539 789 1612 monstrum,
812 1548 868 1591 neo
888 1537 977 1591 cantu
996 1529 1094 1608 aliquo

74 1620 187 1683 vocalis
207 1619 259 1680 sed
278 1622 398 1699 gemitu.
430 1621 531 1697 itaque
555 1621 585 1679 in
609 1618 735 1679 urbibus
759 1627 810 1680 aut
833 1621 954 1679 omnino
977 1620 1009 1677 in
1027 1617 1094 1678 luce
1113 1615 1147 1666 35

74 1713 160 1770 visus
183 1709 282 1770 dirum
310 1715 460 1768 ostentum
488 1715 543 1767 est.
588 1709 772 1786 privatorum
799 1707 936 1768 domibus
964 1705 1094 1767 insiden-

75 1809 141 1860 tem
162 1797 294 1876 plurium
317 1799 379 1857 scio
402 1814 463 1856 non
485 1797 577 1856 luisse
601 1795 731 1857 feralem.
758 1795 836 1856 volat
854 1813 1017 1874 numquam
1036 1812 1095 1873 quo

76 1887 178 1966 lihuit,
206 1885 258 1946 sed
286 1893 476 1946 transversus
503 1885 647 1945 aufertur.
699 1883 835 1963 Capitolii
865 1883 969 1944 cellam
1000 1885 1096 1962 ipsam

33 1977 201 2036 zo-mtravit
228 1974 319 2035 Sexto
347 1972 488 2053 Palpellio
515 1973 618 2033 llistro
649 1971 680 2032 L.
707 1972 838 2033 Pedanio
869 1991 943 2052 cos,
972 1978 1096 2050 propter

79 2065 160 2144 qrrod
183 2065 271 2123 nonis
293 2061 407 2123 Martiis
430 2061 503 2122 urbs
525 2061 652 2122 lustrata
673 2067 720 2120 est
744 2079 778 2120 eo
802 2059 888 2121 an'no.

150 2163 206 2253 13.
231 2163 306 2251 (17)
338 2169 523 2248 lnauspicata
553 2175 600 2228 est
630 2175 659 2227 et
688 2165 870 2226 incendiaria
900 2168 975 2247 avis,
1007 2183 1097 2244 quam
1114 2167 1150 2216 33

77 2267 204 2340 propter
227 2275 442 2336 saepenumero
465 2256 620 2317 lustratam
643 2254 750 2315 urbem
772 2257 804 2314 in
832 2253 1023 2314 annalibus
1051 2256 1095 2312 in·

80 2349 231 2427 venimus,
246 2348 325 2406 sicut
338 2345 369 2405 L.
385 2345 486 2405 Cassio
502 2344 532 2404 G.
547 2343 640 2404 Mario
659 2362 729 2424 cos,
753 2361 812 2422 quo
832 2361 909 2403 anno
929 2349 958 2402 et
976 2340 1096 2401 bubone

36 2449 63 2491 25
79 2439 144 2496 viso
166 2435 322 2495 lustratam
345 2453 420 2494 esse.
466 2451 541 2512 quae
566 2435 605 2493 sit
627 2435 688 2493 avis
712 2450 745 2492 ea
773 2450 834 2492 non
862 2432 1013 2510 reperitur
1040 2447 1096 2488 nec

80 2524 218 2586 traditur.
269 2522 390 2602 quidam
423 2524 464 2582 ita
495 2523 747 2601 interpretantur,
784 2519 999 2580 incendiariam
1030 2535 1118 2598 esse

82 2630 288 2692 quaecumque
312 2611 484 2690 apparuerit
506 2610 667 2670 carbonem
690 2610 790 2669 ferens
815 2627 850 2668 ex
875 2611 934 2668 aris
957 2606 1003 2666 vel
1027 2605 1096 2667 alta·

80 2701 174 2763 ribus.
220 2699 269 2760 alii
292 2701 509 2779 spinturnicem
533 2716 597 2758 eam
619 2705 738 2778 vocant,
762 2697 815 2757 sed
838 2697 911 2757 haec
933 2698 998 2775 ipsa
1022 2711 1096 2773 quae

82 2798 162 2851 esset
184 2791 264 2849 inter
286 2806 354 2848 aves
378 2789 430 2868 qui
453 2805 485 2847 se
505 2787 586 2868 scire
605 2785 719 2846 diceret
737 2803 797 2845 non
815 2787 924 2845 inveni.
964 2777 1021 2844 14.
1046 2781 1096 2842 oli·
1115 2781 1149 2832 3‘1

40 2892 68 2934 ³0
81 2881 159 2939 viam
186 2895 306 2957 quoque
339 2871 425 2936 avem
454 2875 490 2935 ab
523 2877 652 2954 antiquis
685 2876 866 2934 nominatam
898 2872 1096 2932 animadvero.

82 2968 221 3046 ignorari.
249 2965 369 3045 quiidam
387 2965 586 3026 clamatoriam
601 2964 712 3044 dicunt,
731 2961 845 3022 Labeo
860 2958 1099 3040 prohibitoriamt

154 3249 172 3298 4
190 3243 344 3297 inferanbur
357 3241 400 3295 1².
419 3242 530 3294 nunbnr
541 3257 565 3295 r.
637 3244 653 3292 8
668 3243 733 3306 poet
744 3254 786 3292 oo.
805 3255 872 3291 nem
890 3252 955 3289 oum
968 3235 1097 3288 videntur

87 3315 214 3370 addisce
233 3315 269 3368 ad
287 3312 463 3378 Pharsalum,
480 3313 531 3378 cfr.
545 3311 633 3364 Arist.
652 3311 677 3364 b.
692 3327 718 3364 o.
733 3310 750 3363 l.
766 3311 783 3362 l.
862 3311 894 3360 18
912 3305 1034 3375 plurium
1052 3303 1097 3356 ΒΞ.

88 3384 188 3455 plurim
205 3385 289 3438 ΒΨ.
321 3383 421 3436 -imum
439 3399 484 3437 ro.
583 3387 626 3435 22.
645 3385 678 3433 23
702 3380 874 3449 quapropter
891 3378 951 3429 8¹11.
983 3377 1099 3444 propiet

89 3473 171 3524 quom
189 3455 226 3510 ⁸².
255 3457 305 3523 cfr.
324 3456 377 3508 trac.
393 3471 423 3522 p.
433 3458 477 3508 35.
550 3457 584 3506 25
603 3452 752 3505 lustratam
771 3465 831 3504 esse
850 3448 887 3501 αἶ
917 3448 959 3499 -ia
977 3460 1036 3499 esse
1055 3442 1098 3496 12².

91 3527 130 3580 -ts
146 3528 190 3581 est
206 3531 259 3581 Bo.
285 3527 363 3581 -aeiu
381 3540 442 3579 esse
461 3523 498 3577 ⁸¹.
523 3524 630 3578 -aetata
649 3537 709 3576 esse
727 3521 791 3574 1¹11.
808 3521 812 3587 t
828 3537 885 3574 non
901 3521 958 3569 ltu.
981 3530 1034 3568 neo
1052 3529 1098 3567 ro,

139 3603 174 3651 28
193 3597 375 3667 spiburnieem
391 3595 498 3649 ΠΨ.
