2620 3948
197 115 258 178 106
506 119 511 128 ’
545 112 573 166 0.
593 113 692 169 PLINI
711 112 868 166 SECUNDI

193 265 312 323 restitui
335 264 533 340 vespertinam
556 262 650 320 aciem
672 260 719 320 his
743 278 817 339 quos
841 260 1010 340 nyctalopas
1034 270 1146 322 vocam.
1177 265 1208 320 in
1288 291 1289 296 1

194 351 294 411 Cilicia
321 353 459 429 circaque
485 350 593 429 Syrtes·
610 349 678 408 villo
701 349 802 409 tonsili
824 351 1001 409 vestiuntur¹
1051 368 1154 428 capras
1177 353 1207 410 in

193 457 332 499 occasum
355 438 462 499 declini
481 439 542 498 sole
565 441 596 497 in
615 441 734 518 pascuis
757 446 866 515 negant
884 441 1021 499 contueri
1043 441 1123 499 inter
1142 457 1206 498 sese

193 528 245 588 sed
269 545 386 587 aversas
409 529 519 607 iacere,
543 527 666 605 reliquis
689 534 789 586 autem
811 525 893 586 horis
917 526 1053 586 adversas
1077 536 1107 588 et
1129 529 1207 586 inter

193 635 224 676 se
263 618 461 694 cognationes.
517 615 664 694 dependet
695 617 828 675 omnium
864 623 965 674 mento
997 615 1084 676 villus
1119 633 1237 694 quem5

140 716 192 765 204
202 722 347 764 aruncum
366 712 478 764 vocant.
509 704 566 763 hoc
585 706 610 762 si
630 706 696 782 quis
716 703 930 782 adprehensam
953 722 989 763 ex
1008 723 1097 783 grege
1118 722 1208 764 imam

193 793 301 874 trahat,
326 800 442 853 ceterae
467 800 621 871 stupentes
645 801 787 872 spectant.
817 791 847 850 id
871 794 960 852 etiam
983 795 1117 874 evenire,
1140 811 1208 853 cum

193 881 339 960 quandam
357 880 481 942 herbam
499 881 595 959 aliqua
619 899 656 940 ex
675 883 717 940 eis
737 881 938 940 momorderit.
969 900 1086 941 morsus
1106 900 1209 942 earum

193 968 292 1029 arbori
315 978 361 1030 est
384 969 517 1030 exitialis,
559 970 664 1029 olivam
687 969 843 1029 lambendo
868 988 985 1048 quoque
1010 970 1143 1030 sterilem
1167 971 1207 1029 f-

193 1061 289 1140 ciunt,
314 1077 406 1137 eaque
431 1078 466 1119 ex
490 1077 579 1118 causa
601 1056 749 1118 Minervae
773 1076 833 1118 uon
856 1058 1053 1118 immolantur.
1223 1075 1251 1116 ro

140 1161 191 1208 205
260 1141 319 1209 51.
340 1141 414 1230 (77)
439 1146 524 1207 Suilli
546 1148 664 1225 pecoris
688 1148 852 1207 admissura
876 1165 892 1205 a
911 1147 1026 1206 favonio
1050 1147 1086 1207 ad
1107 1149 1207 1226 aequi-

193 1237 325 1297 noctium
348 1254 486 1315 vernum,
510 1243 590 1296 aetas
613 1242 715 1295 octavo
740 1253 854 1315 mense,
879 1235 1058 1313 quibusdum
1082 1238 1113 1296 in
1133 1237 1208 1295 locis

192 1327 281 1384 ctiam
300 1333 415 1404 quarto,
439 1342 534 1402 usque
559 1324 593 1383 ad
618 1331 754 1384 octavum
777 1342 895 1384 annum.
925 1332 1028 1402 partus
1051 1324 1098 1385 bis
1121 1343 1209 1405 anno,

193 1423 317 1492 tempus,
338 1420 424 1473 utero
453 1419 593 1490 quattuor
621 1430 771 1494 mensum,
801 1430 944 1472 numerus
970 1413 1144 1474 fecunditati
1171 1413 1207 1472 ad

192 1503 325 1580 vicenos,
356 1500 408 1560 sed
432 1501 559 1561 educare
587 1518 646 1561 non
670 1509 784 1580 queunt
807 1509 867 1560 tam
889 1502 1007 1561 multos.
1056 1501 1162 1562 diebus
1184 1517 1209 1561 x
1226 1519 1252 1557 15

193 1592 271 1650 circa
294 1589 431 1649 brumam
455 1592 554 1650 statim
577 1590 713 1650 dentatos
737 1591 819 1650 nasci
838 1589 1003 1668 Nigidius
1027 1591 1125 1651 tradit.
1155 1593 1208 1650 im-

191 1667 312 1756 plentur
341 1696 400 1738 uno
429 1681 523 1758 coitu,
556 1680 607 1756 qui
635 1687 665 1738 et
693 1681 860 1757 geminatur
886 1687 1010 1759 propter
1039 1679 1210 1740 facilitatem

193 1765 354 1826 ahoriendi.
387 1767 560 1847 remedium,
584 1785 621 1826 ne
641 1769 737 1845 prima
760 1766 914 1828 subatione
938 1786 1035 1845 neque
1056 1775 1122 1828 ante
1141 1767 1208 1827 ssac-

140 1856 283 1915 206cidas
306 1873 394 1915 aures
418 1857 514 1916 coitus
537 1856 595 1915 frat.
641 1871 738 1916 mares
761 1875 822 1916 non
845 1855 922 1916 ultra
945 1859 1098 1917 trimatum
1121 1875 1209 1934 geue-

194 1952 268 2004 rant.
305 1945 430 2004 feminae
455 1952 609 2006 senectute
633 1945 728 2004 fessae
753 1944 895 2005 cubantes
919 1952 1035 2006 coeunt.
1076 1963 1209 2005 comesse
1224 1961 1252 1999 ro

194 2034 272 2093 fetus
292 2033 337 2093 bis
357 2053 416 2093 non
436 2041 482 2093 est
495 2033 671 2112 prodigium.
696 2036 758 2094 suis
777 2034 856 2093 fetus
875 2035 1019 2094 sacrificio
1039 2034 1086 2094 die
1104 2036 1208 2112 quinto
1264 2049 1272 2057 ·

193 2141 288 2200 purus
316 2131 375 2202 est,
404 2125 522 2200 pecoris
551 2122 598 2182 die
621 2136 686 2201 vn,
716 2121 799 2181 bovis
827 2137 909 2182 xxx.
959 2122 1209 2183 Coruncanius

193 2211 355 2272 ruminales
386 2212 499 2273 hostias
531 2212 625 2271 donee
658 2210 794 2270 bidentes
826 2211 932 2271 tierent
961 2230 1052 2290 puras
1084 2213 1208 2290 negarit.

194 2318 278 2360 suem
301 2300 387 2360 oculo
416 2303 523 2360 amisso
546 2307 652 2379 putant
680 2301 739 2359 cito
764 2301 926 2380 exstingui,
958 2300 1068 2378 alioqui
1091 2301 1150 2359 vita
1173 2301 1207 2360 ad

193 2403 241 2447 xv
269 2407 375 2468 annm,
406 2388 582 2467 quibusdam
611 2397 640 2448 et
668 2391 795 2449 vicenos.
842 2406 945 2448 verum
973 2389 1149 2469 efferantur,
1180 2396 1209 2447 et
1226 2404 1252 2442 25

193 2477 263 2536 alias
287 2477 447 2538 obnoxium
467 2496 561 2555 genus
582 2476 703 2557 morbis,
727 2479 850 2554 anginae
869 2479 995 2538 maxime
1020 2485 1049 2536 ct
1069 2485 1208 2538 strumae.

141 2565 291 2624 aotindex
315 2569 377 2626 suis
400 2565 543 2625 invalidae
568 2584 657 2626 cruor
680 2567 712 2625 in
732 2565 831 2625 radice
855 2574 952 2626 saetae
972 2566 1209 2646 dorsoevolsae,

194 2663 282 2732 caput
305 2652 459 2732 obliquum
481 2657 513 2714 in
536 2656 664 2715 incessu.
710 2657 883 2733 paenuriam
903 2655 988 2715 lactis
1011 2657 1209 2734 praepingues

193 2745 339 2823 sentiunt,
370 2750 400 2802 et
422 2745 518 2821 primo
547 2744 609 2803 fetu
637 2745 737 2803 minus
764 2749 834 2803 sunt
862 2762 1046 2804 numerosae.
1092 2745 1123 2803 in
1147 2743 1209 2804 luto

193 2831 334 2914 volutatio
358 2834 460 2910 generi
483 2839 572 2910 grata.
619 2833 728 2892 intorta
756 2831 856 2892 cauda.
902 2833 931 2892 id
955 2835 1044 2892 etiam
1067 2839 1210 2912 notatum,
1225 2845 1253 2885 ao

194 2921 311 2980 facilius
333 2921 417 2980 litare
441 2923 472 2980 in
497 2920 652 2980 dexterum
677 2939 764 3000 quam
788 2924 818 2980 in
842 2922 957 2981 laerrnn
981 2921 1104 2981 detorta.
1145 2923 1209 3000 pin-

267 3163 388 3217 2sirtes
411 3169 440 3216 r.
474 3163 560 3232 syries
584 3164 621 3216 sl.
660 3164 713 3216 -ias
736 3162 1002 3230 stetur-attumne
1026 3161 1102 3215 1³¹⁹st
1135 3162 1212 3232 ullsls

194 3234 233 3286 αἱ.
252 3234 316 3287 uilh'
338 3251 361 3288 r.
426 3239 441 3287 3
466 3233 568 3288 declini
591 3239 636 3289 do.
701 3240 716 3288 5
741 3251 770 3288 se
794 3234 831 3287 οἳ.
855 3250 906 3288 om.
929 3251 951 3287 r.
985 3234 1035 3300 cfr.
1055 3232 1210 3288 Schneider.

194 3306 232 3358 od
250 3305 337 3358 Arist.
357 3306 383 3358 t.
402 3323 428 3358 u.
448 3308 494 3357 IX
511 3309 528 3358 4
546 3310 608 3360 tom.
628 3308 675 3357 IV
685 3323 715 3374 p.
726 3312 774 3361 29.
826 3312 839 3359 7
867 3305 953 3358 etiam
978 3310 1009 3358 B.
1040 3320 1090 3358 om.
1115 3321 1138 3358 r.

194 3377 273 3426 nest·
291 3375 353 3428 Fld.
383 3391 415 3428 ae
433 3377 501 3429 121¹.
526 3392 575 3430 om.
595 3394 617 3430 r.
701 3383 733 3430 12
752 3376 953 3444 quibusdamo
992 3375 1092 3444 quibus
1111 3376 1138 3429 ll.

195 3449 228 3495 15
248 3461 304 3497 non
323 3448 430 3512 queunt
447 3462 494 3516 epo
511 3461 572 3501 nov.
588 3449 640 3502 luc.
654 3453 744 3517 1282.
770 3450 912 3516 nequeunt
930 3448 954 3502 u
1018 3453 1051 3500 22
1070 3446 1122 3499 VII
1140 3444 1210 3498 1⁹11.

192 3512 233 3563 VI
251 3529 274 3564 r.
353 3521 387 3568 24
407 3533 469 3569 sues
488 3523 511 3570 tt
529 3534 543 3571 e
558 3534 627 3572 corr.
656 3523 686 3572 at
703 3535 728 3572 o.
743 3519 830 3573 Arist.
848 3520 874 3572 fr.
894 3537 919 3573 a.
945 3521 987 3570 VI
1001 3523 1038 3572 18
1052 3535 1082 3586 p.
1094 3521 1210 3583 573‚14.

266 3588 299 3634 31
315 3583 396 3638 litare
408 3587 473 3641 Dul.
493 3587 587 3641 littore
600 3591 645 3641 Bt
665 3605 722 3642 -ere
732 3591 777 3642 12¹.
796 3589 876 3644 litere
891 3596 920 3642 Ι).
939 3590 992 3643 lat·
1007 3588 1042 3641 1il
1052 3589 1082 3642 in
1094 3603 1148 3642 ras.
1164 3591 1211 3640 sd.
