2620 3948
322 106 406 160 NAT.
425 106 517 174 fflsv.
536 105 576 160 lx
595 113 699 162 ao-ao
719 109 845 176 (oc-m)
921 167 925 176 ,
1028 109 1091 174 135

71 257 158 314 enim
190 253 345 333 complexu
375 262 405 314 et
435 252 536 315 sorbet
566 254 727 315 acetabulis
754 274 788 316 ac
816 274 976 318 numeroso
1003 265 1091 318 suctu

70 343 179 423 trabit,
202 360 270 403 cum
293 345 324 402 in
347 343 505 421 naufragos
528 345 717 403 urinantesve
740 346 884 423 impetum
907 347 994 424 cepit.
1038 345 1091 406 sed

70 433 101 490 si
125 434 301 511 invertatur,
330 431 512 510 elanguescit
534 433 586 491 vis.
632 433 826 512 exporrigunt
849 436 928 494 enim
952 452 984 494 se
1007 452 1090 494 resu-

66 520 180 598 pinati.
226 527 325 579 cetera
353 538 427 598 quae
456 520 548 580 idem
575 519 678 580 retulit
705 527 838 580 monstro
861 525 1001 601 propiora
1023 541 1090 602 pos-

29 615 148 668 ssunt
176 607 278 668 videri.
329 606 461 669 Carteiae
488 611 520 668 in
547 610 666 668 cetariis
694 608 835 669 adsuetus
863 613 944 670 exire
973 629 988 670 e
1016 613 1091 672 mari
1110 621 1144 671 aa

66 698 107 756 in
130 696 214 756 lacus
237 714 342 756 eorum
365 703 483 776 apertos
506 704 594 775 atque
623 696 664 757 ibi
688 696 862 761 salsamenta
884 699 1020 778 populari
1048 733 1090 742 -

66 786 152 845 mire
172 784 311 845 omnibus
330 787 452 846 marinis
471 783 679 864 expetentibus
698 785 819 846 odorem
839 804 958 866 quoque
978 805 1091 868 eorum,

68 891 136 952 qua
160 873 196 932 de
217 891 304 934 causa
327 881 357 934 et
376 875 471 934 nassis
494 873 661 933 inlinuntur
685 907 736 954 —-,
760 877 907 935 convertit
929 877 960 934 in
984 893 1016 935 se
1040 895 1089 936 cu-

67 960 197 1022 stodum
223 962 456 1042 indignationem
483 961 659 1022 adsiduitate
688 963 761 1023 furti
787 963 936 1023 inmodici.
988 981 1091 1043 saepes

15 1069 51 1108 ao
68 1057 163 1110 erant
187 1049 333 1132 obiectae,
363 1050 416 1111 sed
443 1049 496 1110 bas
524 1049 753 1110 transcendebat
777 1069 833 1131 per
855 1051 1006 1132 arborem,
1036 1070 1091 1111 nec

66 1137 261 1218 deprehendi
289 1140 387 1218 potuit
416 1140 474 1199 nisi
504 1157 611 1199 canum
642 1141 809 1218 sagacitate.
857 1139 888 1198 hi
916 1139 1092 1201 redeuntem

67 1230 295 1288 circumvasere
319 1234 423 1309 noctu,
453 1229 622 1304 concitique
646 1227 785 1288 custodes
813 1246 956 1307 expavere
980 1230 1091 1288 novita-

66 1324 146 1378 tem.
192 1317 322 1394 primum
354 1317 486 1376 omnium
516 1315 686 1394 magnitudo
713 1316 846 1376 inaudita
876 1324 952 1397 erat,
985 1316 1091 1377 deinde

68 1404 159 1465 colos
186 1407 282 1464 muria
314 1403 397 1464 obbti
425 1404 516 1464 odore
532 1404 611 1482 diri.
657 1405 724 1482 quis
751 1403 793 1464 ibi
819 1404 960 1484 polypum
988 1423 1090 1484 exspe-

23 1501 189 1554 rsctasset
215 1501 265 1553 aut
287 1494 328 1554 ita
351 1488 566 1572 cognosceret?
618 1510 687 1553 cum
710 1500 844 1553 monstro
868 1494 1009 1554 dimicare
1035 1492 1092 1553 sibi

67 1581 262 1642 videbantur.
301 1599 428 1660 namque
448 1589 478 1642 et
497 1580 605 1641 adflatu
619 1579 747 1641 terribili
768 1599 856 1642 canes
875 1582 987 1664 agebat,
1011 1599 1090 1642 nunc

69 1672 220 1730 extremis
244 1669 378 1730 crinibus
401 1669 574 1749 flagellatos,
598 1687 678 1730 nunc
700 1669 921 1750 robustioribus
943 1669 1091 1731 bracchiis

69 1759 227 1820 clavarum
250 1758 337 1818 modo
360 1761 506 1839 incussos,
530 1775 676 1836 aegreque
700 1758 803 1820 multis
822 1759 1004 1820 tridentibus
1022 1777 1090 1819 con·
1110 1777 1143 1827 93

70 1849 126 1908 fici
148 1849 256 1926 potuit.
293 1847 451 1906 ostendere
465 1845 588 1907 Lucullo
613 1854 702 1926 caput
720 1849 785 1906 eius
804 1846 875 1907 dolii
889 1847 1091 1927 magnitudine

27 1953 56 1992 so
71 1935 290 2016 amphorarum
313 1935 482 2014 quindecim
506 1953 596 2014 capax
615 1941 713 2016 atque,
736 1942 769 1995 ut
783 1936 877 2013 ipsius
897 1935 1005 1996 Trebi
1027 1955 1091 1996 ver·

71 2024 122 2085 bis
148 2031 225 2104 utar,
256 2022 384 2084 barbas
414 2041 501 2103 quas
531 2025 588 2082 vix
616 2031 771 2102 utroque
802 2023 971 2084 bracchio
1000 2042 1091 2084 com·

70 2112 190 2193 plecti
210 2119 319 2193 esset,
342 2109 519 2172 clavarum
534 2111 634 2171 modo
649 2119 803 2192 torosas,
821 2111 945 2190 longas
963 2112 1092 2192 pedum

71 2217 167 2283 xxx,
194 2199 395 2261 acetabulis
423 2202 497 2260 sive
527 2199 693 2260 caliculis
721 2199 910 2260 urnalibus
936 2200 1093 2280 pelvium

71 2290 193 2370 modo,
217 2290 343 2350 dentes
366 2287 607 2367 magnitudini
630 2286 903 2366 respondentes.
948 2287 1092 2367 reliquiae

33 2391 59 2432 aa
73 2379 249 2439 adservatae
273 2377 416 2438 miraculo
438 2375 608 2458 pependere
631 2375 730 2456 pondo
758 2389 837 2438 nec.
883 2379 997 2456 saepias
1021 2395 1109 2456 quo·=

73 2485 135 2546 que
165 2473 197 2526 et
222 2465 368 2544 lodigines
396 2465 530 2526 eiusdem
557 2465 767 2544 magnitudinis
795 2465 932 2545 expulsas
962 2468 993 2540 in
1021 2466 1093 2526 litus

72 2555 151 2616 illud
174 2555 269 2615 idem
291 2562 396 2615 auctor
419 2561 473 2614 est.
518 2555 550 2613 in
573 2560 676 2614 nostro
700 2556 774 2614 mari
799 2553 945 2632 lolligines
968 2553 1093 2634 quinum

75 2643 250 2705 cubitorum
278 2645 445 2722 capiuntur,
475 2643 590 2720 saepiae
618 2641 730 2702 binum.
781 2661 878 2722 neque
906 2643 952 2704 his
980 2642 1092 2706 bimatu

75 2730 197 2811 longior
218 2733 285 2791 vita.

40 2831 65 2872 ³⁰
146 2813 221 2902 (49)
246 2819 419 2898 Navigeram
443 2819 668 2898 similitudinem
696 2826 726 2878 et
749 2818 834 2878 aliam
857 2821 888 2879 in
910 2818 1092 2899 Propontide
1111 2828 1146 2880 11
1183 2893 1187 2898 ᾖ

78 2910 173 2970 visam
197 2907 254 2968 sibi
276 2907 407 2986 prodidit
430 2907 627 2968 Mucianus:
651 2906 794 2968 concham
812 2926 878 2968 esse
898 2910 984 2969 acatii
1004 2908 1092 2968 modo

154 3151 270 3204 leuetu
293 3148 394 3204 Ianus.
432 3147 530 3202 ctudu
557 3147 654 3200 111111.
692 3148 752 3202 otu
774 3147 823 3202 diu
844 3148 889 3202 iti.
927 3151 1041 3218 sumptu
1067 3153 1092 3203 11.

84 3221 199 3275 suetrado
219 3221 256 3273 ⁸¹.
289 3219 437 3275 suetudum
456 3219 494 3272 ι’.
552 3217 699 3272 bechariis
717 3222 763 3272 vlo.
796 3217 875 3272 -teris
892 3235 916 3274 r.
990 3221 1093 3276 vmire

83 3289 169 3344 Bs'vl,
197 3290 274 3344 mille
293 3307 316 3345 1.
389 3287 569 3345 911111οά1111
585 3287 664 3342 8²2².
692 3305 739 3343 -11
756 3290 793 3342 2¹.
822 3305 883 3344 cae
903 3291 976 3359 (add.
993 3291 1093 3344 iuras.

85 3355 138 3425 his)
156 3366 181 3415 vl.
210 3363 287 3416 -cant
304 3379 327 3417 1.
390 3367 423 3415 13
443 3360 542 3414 deinde
561 3361 633 3416 ind
662 3377 701 3414 an
718 3359 802 3414 dein?
864 3366 899 3414 14
918 3378 956 3416 un
974 3359 1093 3416 odores?

156 3437 189 3487 16
208 3431 334 3487 affletatu
351 3433 395 3486 1³¹.
424 3449 463 3486 un
480 3427 646 3484 adflictata?
735 3437 769 3484 23
789 3431 943 3486 acetabulis
962 3431 999 3485 ⁸².
1026 3431 1093 3485 acit-

88 3496 131 3551 Ρ,
157 3503 273 3558 stabulis
291 3521 314 3557 r.
381 3509 415 3558 24
434 3501 569 3571 reliquiae
587 3519 611 3556 o.
640 3517 722 3569 -qnae
742 3505 788 3554 sd.
817 3518 881 3570 -que
899 3518 923 3556 1.
984 3506 1094 3562 2515oe

91 3567 184 3626 1>Detl.
211 3573 310 3630 DCCm
328 3581 357 3629 r.
429 3581 462 3629 31
483 3573 569 3628 acatii
587 3573 694 3627 dBarh.
723 3573 818 3627 achati
835 3589 858 3626 r.
