2628 3950
232 173 334 221 xxxa
637 148 843 204 PRAEFATIO

231 303 344 363 tarium
362 303 511 359 auxerunt
530 299 789 359 observationibus
810 298 1131 375 Scaligeri,Sal1nasii,
1150 299 1245 358 Isaaci

232 390 334 450 Vossii
361 391 392 448 et
418 388 659 464 praeclarissima
685 387 906 448 exornaverunt
933 387 1101 447 accessione
1123 388 1246 448 Ioannis

230 478 378 538 Friderioi
400 477 545 537 Gronovii
566 480 708 536 notarum
730 477 802 536 libri
824 476 997 553 singularis.

299 568 374 626 Post
391 567 515 626 tertiam
533 567 609 625 hanc
632 584 722 642 quam
745 565 955 625 constituimus
978 567 1109 624 aetatem
1131 565 1247 642 primus

230 665 251 715 a
270 655 434 716 Geleniana
451 655 623 714 recensione
641 655 766 714 recessit
788 658 879 730 atque
897 672 993 713 novus
1013 656 1044 713 et
1062 655 1114 730 qui
1130 655 1247 730 priores

232 763 335 806 omnes
358 745 448 821 longe
472 763 614 820 superare
637 744 730 803 vellet
758 743 923 818 sospitator
945 743 1036 801 Plinii
1063 743 1179 802 exstitit
1200 743 1248 802 Io·

232 851 325 894 annes
344 833 568 909 Harduinus,
592 834 681 893 homo
699 834 803 892 vastae
823 831 999 891 eruditionis
1018 850 1072 890 nec
1089 832 1248 892 mediocris

232 922 355 998 ingenii.
391 922 423 981 in
442 922 559 982 duabus
578 921 760 982 editionibus
774 921 899 980 Parisiis
918 939 944 979 a.
961 922 1045 980 1685
1066 923 1097 979 et
1113 923 1196 981 1723
1216 922 1250 980 in

231 1011 387 1087 publicum
410 1011 526 1070 emissis
549 1011 709 1087 vulgatum
731 1011 904 1069 contextum
928 1008 1045 1068 Gelenii
1068 1010 1148 1068 haud
1177 1027 1247 1069 raro

231 1101 361 1160 mutavit
391 1100 504 1175 partim
535 1099 685 1158 codicibus
713 1098 871 1175 Parisinis,
904 1099 1039 1174 quamvis
1073 1116 1133 1157 non
1164 1101 1249 1170 certa

231 1189 348 1249 ratione
371 1207 426 1247 nec
448 1191 633 1264 constanter,
657 1186 801 1247 adhibitis
828 1187 941 1262 partim
964 1184 1135 1247 coniectura
1163 1205 1268 1264 usus,-

231 1280 323 1353 atque
338 1276 405 1336 aliis
419 1277 540 1352 quidem
558 1276 631 1336 locis
650 1275 817 1336 orationem
835 1294 959 1336 revera
978 1275 1156 1350 emendavit,
1179 1277 1248 1336 aliis

231 1369 335 1425 autem
358 1397 399 1406 -
423 1365 455 1424 id
473 1365 554 1441 quod
570 1383 650 1424 nnnc
672 1365 878 1441 intellegimus
902 1395 944 1406 —·
968 1364 1146 1440 depravavit
1169 1383 1248 1440 quae

232 1454 294 1513 iam
313 1457 384 1514 ante
402 1473 471 1512 eum
489 1455 571 1513 recte
589 1453 733 1513 restituta
751 1457 847 1514 erant.
878 1456 965 1513 tanta
983 1455 1086 1512 autem
1098 1453 1250 1512 Harduini

231 1545 299 1602 erat
313 1543 487 1618 auctoritas,
505 1544 549 1620 ut,
569 1561 749 1619 quamquam
763 1542 954 1602 Broterius
973 1560 999 1600 a.
1015 1545 1077 1602 177
1082 1545 1100 1602 9
1116 1542 1249 1601 Plinium

232 1631 329 1690 denuo
359 1631 550 1707 recognovit,
581 1629 665 1690 illius
695 1633 796 1690 tamen
827 1631 971 1691 memoria
1002 1631 1034 1690 in
1065 1630 1248 1691 editionibus

230 1720 295 1778 fere
314 1719 379 1778 sola
397 1722 549 1796 regnaret,
569 1719 661 1780 donec
679 1721 784 1780 nostro
804 1721 922 1780 saeculo
941 1719 1112 1797 Silligius
1131 1721 1250 1780 textum

232 1809 271 1868 ad
295 1807 460 1868 severiores
484 1809 560 1868 artis
583 1808 705 1868 criticae
726 1810 820 1886 leges,
845 1828 918 1885 quas
942 1809 1030 1868 hodie
1058 1807 1248 1887 requirimus,

231 1897 424 1973 adstringere
448 1899 572 1956 conatus
596 1898 652 1958 est.
690 1897 743 1958 sed
761 1898 797 1957 de
820 1898 868 1957 his
891 1898 1056 1957 editoribus
1081 1899 1249 1974 ceterisque
1302 1935 1303 1966 v

231 1986 382 2060 copiosius
406 1985 554 2047 disserere
577 2005 638 2046 non
659 1987 783 2063 attinet,
807 1988 863 2046 boo
884 2005 978 2045 unum
1000 1985 1087 2060 addo,
1110 1991 1250 2047 accurate

231 2075 430 2134 consideratis
452 2076 591 2151 iusteque
613 2075 754 2135 iudicatis
777 2076 814 2137 iis
838 2093 913 2152 quae
935 2073 1115 2135 Hermolaus
1133 2076 1248 2135 Barba

232 2183 285 2223 rus
304 2167 336 2223 et
353 2164 554 2224 illustrissimi
567 2165 703 2224 homines
718 2165 807 2238 docti,
825 2165 877 2240 qui
895 2165 1013 2224 saeculo
1034 2164 1248 2224 sextodecimo

232 2252 265 2311 in
277 2252 376 2312 Plinio
392 2253 493 2312 studia
506 2272 562 2312 sua
575 2253 806 2328 collocaverunt,
826 2253 1002 2313 eruditionis
1022 2254 1117 2330 copia,
1136 2255 1247 2313 mentis

230 2341 383 2418 acumine,
405 2344 470 2402 veri
493 2360 582 2401 sensu
598 2336 780 2415 effecerunt,
803 2341 869 2400 lieri
891 2362 952 2402 non
974 2359 1062 2418 posse
1091 2342 1163 2417 quin
1184 2362 1249 2402 mo·
1298 2349 1299 2363 *

233 2429 363 2488 destiarn
385 2429 534 2490 discamus
558 2433 589 2490 et
611 2431 742 2490 multum
764 2431 851 2492 nobis
875 2430 1090 2490 elaborandum
1112 2447 1178 2489 esse
1201 2432 1246 2490 in-
1297 2437 1298 2462 ³

231 2517 423 2594 tellegamus,
446 2521 481 2578 ut
499 2519 584 2595 digni
601 2520 663 2578 illis
687 2534 873 2580 successores
897 2538 963 2579 esse
986 2520 1017 2578 et
1034 2521 1118 2577 tanto
1143 2537 1249 2578 eorum
1295 2513 1297 2602 l

232 2624 356 2682 operam
383 2625 526 2682 superare
553 2607 721 2685 videamur,
753 2610 864 2683 quanto
892 2608 951 2684 ipsi
978 2607 1139 2666 editionem
1167 2609 1248 2684 pn'n-
1295 2603 1296 2659 l

230 2695 330 2771 cipem
353 2697 580 2771 superaverunt.
974 2689 982 2695 ’
1168 2751 1170 2759 .
1294 2685 1295 2759 l

300 2784 401 2860 Atque
425 2786 498 2844 haec
517 2785 636 2860 quidem
659 2785 814 2845 hactenus.
854 2785 945 2845 finem
967 2787 1069 2846 autem
1090 2785 1250 2860 praefandi
1291 2787 1294 2857 l

231 2873 331 2934 lacere
349 2891 410 2934 non
427 2892 551 2950 possum
572 2875 644 2950 quin
662 2874 779 2934 debitas
798 2874 913 2950 gratias
937 2893 1027 2951 agam
1049 2874 1187 2933 omnibus
1210 2876 1249 2935 iis

232 2963 285 3038 qui
298 2961 490 3038 benignoame
510 2961 620 3022 auxilio
633 2963 783 3037 iuverunt,
803 2964 953 3039 inprimis
971 2963 1045 3022 viris
1064 2963 1248 3038 clarissimis,

233 3051 285 3127 qui
307 3051 521 3110 bibliothecam
543 3051 661 3128 regiam
673 3051 876 3112 Drasdensem
899 3051 1111 3111 administrant
1132 3053 1164 3110 et
1187 3073 1249 3114 mo·
1288 3059 1291 3156 l

230 3139 390 3215 derantur,
424 3142 455 3200 et
481 3138 637 3201 Martino
660 3139 822 3216 Hertzio,
850 3140 1054 3200 illustrissimo
1082 3142 1248 3217 professori
1288 3167 1290 3176 ’

232 3229 477 3307 Vratislaviensi,
510 3231 561 3306 qui
593 3248 681 3290 suum
708 3229 883 3307 Silligianae
915 3230 1055 3291 editionis
1088 3233 1249 3308 exemplar,
1286 3179 1290 3353 ,⁴

232 3318 318 3377 cuius
348 3318 380 3377 in
407 3319 546 3396 margine
575 3335 778 3396 quaecumque
811 3319 849 3378 ab
884 3321 1055 3379 hominibus
1092 3320 1187 3380 doctis
1217 3322 1250 3380 in
1286 3329 1287 3336 ’

228 3404 365 3466 ¹Plinium
378 3407 539 3470 observata
557 3408 673 3468 invenit
690 3407 812 3468 assidua
829 3408 979 3468 industria
998 3409 1142 3494 adnotare
1162 3410 1250 3488 solet,
1267 3415 1275 3428 “

230 3493 443 3556 liberalissime
466 3497 542 3556 mihi
565 3495 773 3558 commodavit.

301 3582 474 3644 Scribebam
496 3585 631 3646 Dresdae
654 3604 756 3646 mense
779 3586 865 3647 Iunio
888 3586 1144 3648 MDOCOLXXV.
