2628 3950
448 993 768 1070 PRAEFATIO.

166 1265 266 1324 llnmt
282 1265 413 1324 fortasse
432 1265 541 1341 quibus
559 1265 640 1324 iusto
664 1264 779 1324 diutius
803 1264 937 1325 haesisse
960 1264 1064 1324 videar
1086 1266 1119 1324 in
1178 1317 1180 1320 .

100 1354 190 1414 huius
205 1353 366 1413 voluminis
380 1353 556 1413 recensendi
572 1354 704 1430 negotio,
725 1353 835 1429 quippe
850 1353 930 1429 quod
947 1353 1022 1412 mihi
1036 1372 1119 1413 man-

100 1441 206 1503 datum
229 1459 295 1502 esse
317 1442 379 1501 iam
397 1445 542 1518 quattuor
565 1442 675 1502 abhinc
698 1459 792 1501 annos
815 1441 886 1502 eB.
906 1441 942 1501 G.
962 1441 1119 1504 Teubnero

98 1532 131 1589 in
153 1530 410 1608 ephemeridibus,
438 1549 512 1607 ques
535 1531 573 1590 de
596 1549 651 1590 suc
678 1534 849 1590 mercatura
875 1531 1002 1590 libreria
1029 1531 1119 1591 edere

100 1620 186 1698 solet,
210 1619 439 1696 promulgatum
461 1620 511 1680 sit.
547 1638 601 1680 nec
624 1624 727 1680 temen
749 1638 797 1680 mo
820 1620 956 1696 poenitet
978 1623 1043 1679 tem
1066 1620 1119 1680 diu

99 1709 256 1768 distulisse
270 1771 273 1774 ,
286 1708 441 1768 hominum
475 1708 634 1768 doctorum
663 1709 926 1784 exspectationem.
980 1712 1119 1784 poteram

99 1797 239 1874 equidem
261 1796 307 1856 ita
327 1797 527 1873 praecipitare
551 1797 722 1874 editionem,
750 1801 785 1857 ut
807 1797 899 1856 Plinii
920 1797 1015 1858 libros
1038 1798 1118 1857 velo-

98 1886 173 1946 citer
192 1903 371 1962 percurrens
390 1903 467 1961 quse
485 1885 524 1944 eb
543 1885 702 1963 Urlichsio,
720 1885 829 1960 Felsio,
847 1885 1031 1963 Detlefseno,
1050 1885 1124 1946 eliis*

98 1978 179 2034 recte
205 1973 364 2034 emendate
386 1991 452 2034 esse
475 1974 664 2051 viderentur,
693 1992 730 2034 ec
751 1975 784 2034 in
805 1993 907 2034 meum
934 1994 1024 2034 usum
1051 1993 1118 2034 con-

97 2065 229 2123 vertisse
244 2063 319 2122 sctis
333 2061 485 2139 haberem,
504 2081 573 2122 cum
585 2063 766 2138 praesertim
779 2063 926 2139 principio
944 2063 1118 2139 redemptor

97 2152 330 2212 honestissimus
356 2151 390 2209 id
418 2169 512 2209 unum
541 2154 660 2228 ageret,
690 2154 725 2210 ut
754 2151 896 2210 editionis
927 2154 1119 2228 stereotypee

98 2242 281 2318 paginarum
311 2240 410 2388 sosio
436 2257 471 2298 ec
501 2241 599 2316 specie
626 2257 687 2299 non
713 2242 832 2299 mutato
861 2258 898 2298 ec
926 2239 1119 2315 potissimum

97 2330 207 2390 monde
229 2327 337 2388 tollere
373 2347 418 2405 ur,
441 2347 517 2404 quae
541 2329 651 2389 codicis
670 2328 810 2405 rescripti
833 2347 853 2388 o
870 2327 977 2388 Moneo
1000 2327 1118 2388 inventi

99 2418 234 2478 subsidio
257 2417 347 2476 nimis
370 2417 508 2494 neglecto
533 2437 549 2478 e
571 2419 682 2494 prioris
705 2417 845 2478 editionis
873 2419 959 2477 textu
985 2417 1119 2477 nondum

98 2508 221 2566 sublate
239 2508 349 2566 essent
382 2506 435 2565 sed
455 2523 524 2565 cum
542 2507 617 2565 hseo
635 2505 783 2565 subituris
801 2510 833 2565 et
850 2525 960 2582 parum
978 2509 1119 2566 securata

98 2613 192 2672 opera
214 2613 234 2654 e
260 2612 328 2654 men
355 2593 525 2654 studiorum
551 2595 668 2654 ratione
696 2594 893 2669 abhorrebat,
922 2598 989 2654 tum
1015 2597 1051 2654 ut
1079 2595 1118 2653 sd

98 2701 286 2743 communem
315 2683 488 2742 litterarum
515 2702 604 2742 usum
636 2675 703 2761 pro'
718 2701 855 2742 meorum
881 2683 992 2744 virium
1020 2685 1118 2760 perte,

99 2773 405 2848 quantulumcumque
423 2774 512 2849 esset,
531 2771 647 2848 aliquid
665 2772 800 2833 conferre
818 2775 977 2854 tentarem,
1001 2771 1118 2848 effingi-

99 2863 164 2920 tsre
183 2859 345 2920 videbatur
362 2859 507 2920 memoris
525 2863 616 2937 etque
639 2861 805 2920 auctoritas
827 2861 910 2920 illius
932 2861 992 2920 riri
1015 2861 1117 2920 oleris-

100 2949 176 3027 simi,
200 2949 284 3008 cuius
306 2949 456 3008 inlocum
478 2949 734 3010 consentientibus
757 2949 819 3008 filio
844 2950 907 3011 eius
932 2947 1061 3008 Ocrolo
1085 2952 1118 3008 et

98 3037 289 3114 redemptore
308 3037 491 3098 substitutus
510 3056 602 3116 erum,
620 3037 796 3098 Ludovici
814 3037 906 3115 Iani,
926 3038 1117 3114 quiquidem

100 3143 166 3186 cum
188 3145 244 3203 per
261 3125 464 3202 quadraginta
487 3145 580 3186 annos
604 3129 791 3188 constantem
814 3128 846 3186 et
868 3126 1051 3186 indefessum
1072 3127 1116 3185 in-

101 3214 248 3276 dustrium
270 3215 413 3290 inopere
437 3215 531 3275 arduo
559 3219 590 3275 et
613 3234 633 3275 s
659 3197 842 3276 ‘studiorum
869 3209 1116 3275 cmoemtetibus’

101 3303 281 3364 alienissimo
305 3304 542 3380 consumpsisset
564 3306 596 3363 et
618 3304 763 3382 quidquid
786 3307 817 3364 et
840 3304 896 3364 otii
924 3303 1057 3364 habebut
1085 3307 1117 3363 et
1207 3304 1209 3309 ’
1302 3335 1304 3348 ‹

101 3391 219 3469 ingenio
243 3391 365 3454 velebct
387 3391 486 3452 Plinio
511 3411 565 3454 suo
592 3393 789 3473 impendisset
811 3392 897 3454 novis
920 3392 1043 3452 dotibus
1067 3411 1115 3451 ex-

102 3482 245 3556 omendo,
273 3482 428 3542 intereos
452 3481 504 3558 qui
527 3482 564 3542 de
586 3483 643 3542 hoc
666 3482 813 3558 scriptore
834 3481 996 3558 insigniter
1018 3498 1115 3540 meru-

103 3573 188 3662 erunt
210 3571 371 3631 honestum
394 3571 453 3630 sibi
475 3571 574 3630 locum
596 3571 769 3632 vindicavit.
814 3574 861 3631 cst
884 3572 987 3630 sutem
1013 3569 1045 3626 in
1070 3567 1116 3626 rei

863 3667 901 3722 a*
