2610 3960
405 127 490 181 NAT.
509 126 602 182 HisT.
622 127 674 182 ΧΠ
693 134 726 183 17
746 130 872 198 (ao-ae)
1083 130 1148 199 299

126 284 218 355 atque
241 275 282 338 ita
306 277 379 338 olias
406 277 480 338 lieri.
527 294 598 356 ergo
621 279 653 338 iu
676 285 804 358 utraque
827 279 1008 362 gentelbina
1031 299 1150 362 genera,

125 373 287 429 terrenum
318 373 348 426 et
380 367 539 436 lancium.
584 366 616 427 id
647 366 727 447 quod
759 374 915 436 terrenum
947 378 994 431 est
1024 369 1149 451 friabile,

126 455 283 521 facticium
305 454 428 524 lentum.
474 474 530 516 neo
554 473 616 524 non
638 457 780 524 fruticem
803 475 869 524 esse
893 457 997 526 dicuat
1024 461 1056 528 in
1079 458 1148 522 Gar-
1169 469 1203 518 aa

125 543 227 605 mania
250 551 282 604 et
304 562 396 624 super
418 543 584 625 Aegyptum
606 563 662 624 per
684 544 871 609 Ptolemaeos
898 547 1016 614 ardetis,
1039 548 1149 630 plantis

89 644 109 685 ⁵
126 641 190 712 aut,
213 639 248 693 ut
270 631 332 714 alii,
355 632 557 712 degenerante
578 635 611 694 in
633 634 663 694 id
686 637 763 698 turis
786 634 908 718 arbore,
931 636 1090 718 colligique
1115 645 1149 698 ut

124 724 271 785 cummim
293 723 388 792 inciso
412 725 524 792 cortice
549 730 579 784 et
602 724 735 802 caprinis
754 723 883 803 pellibus
907 727 1013 805 excipi.
1050 729 1148 806 pretia

124 818 200 873 sunt
217 810 420 880 laudatissimo
443 814 474 872 in
493 811 584 875 libras
607 831 689 874 asses
707 827 816 882 mxu<
834 813 1037 897 ,adulteratur
1059 816 1149 896 myrti

122 899 213 960 bacis
231 899 344 970 etaliis
363 900 533 966 animalium
552 900 701 966 sordibus.
737 903 849 972 sinceri
871 901 946 964 odor
969 921 1035 964 esse
1059 904 1149 966 debet

124 989 214 1050 ferus
243 996 273 1049 et
302 989 519 1068 quodammodo
550 990 742 1054 solitudinem
771 990 923 1072 redolens,
953 993 1053 1072 ipsum
1081 995 1148 1054 visu

73 1091 108 1132 ιο
123 1078 246 1139 acidiam
268 1086 350 1144 tactu
374 1079 475 1150 statim,
502 1079 691 1161 mollescere,
720 1097 880 1145 accensum
910 1080 1024 1160 fulgeu
1055 1081 1149 1151 odore

123 1167 262 1228 iucunde
278 1170 368 1247 gravi.
406 1175 471 1233 tum
494 1176 590 1248 myria
609 1168 843 1248 deprehenditur
867 1172 1056 1250 crepitatque
1076 1172 1147 1250 igni.

122 1259 421 1336 praetereasinoero
440 1257 546 1320 calcidi
564 1260 664 1337 potius
688 1277 705 1319 e
729 1257 855 1337 rupibus
878 1258 1036 1327 inhaerent
1059 1277 1148 1340 quam

123 1345 235 1425 pulvis.

164 1503 170 1512 ,
196 1427 270 1517 (38)
308 1435 342 1496 lu
364 1434 471 1496 brabia
500 1443 530 1496 et
557 1435 621 1495 olea
651 1435 771 1498 dotatur
800 1435 946 1518 lacrima,¹
966 1455 1030 1516 qua,
1054 1437 1145 1499 medi·
1166 1441 1198 1490 ⁷7

76 1531 310 1594 tricameratum,
330 1525 487 1592 conficitur
515 1524 644 1587 Graecis.
667 1524 832 1594 enhaemon
861 1527 974 1594 dictum
1004 1525 1147 1606 singulari

125 1611 471 1684 ellectu.'coutrahe'ndis
498 1612 667 1682 uulnerum»
685 1615 884 1677 cicatricibus.
929 1617 962 1676 in
989 1617 1146 1683 maritimis

123 1701 183 1763 hae
201 1701 342 1773 fluetibus
361 1710 505 1781 aestuque
525 1704 792 1785 operiuntur,·nec
811 1703 901 1769 bacae
920 1712 1055 1786 nocetuq
1078 1723 1147 1775 curn

124 1797 254 1852 constet*
268 1793 300 1860 iu
324 1791 404 1860 foliis
428 1791 520 1856 salem
542 1791 682 1871 relinqui.

194 1877 274 1943 llaec
298 1887 369 1942 sunt
386 1880 547 1960 peculiaria
565 1880 699 1962 Arabiae,
722 1889 753 1942 et
774 1900 869 1961 pauca
887 1890 1043 1961 praeterea
1066 1900 1145 1947 com·
1166 1885 1199 1936 '18

76 1982 110 2022 2⁰
124 1970 229 2030 munia
252 1967 322 2029 alibi
345 1968 484 2050 dicenda,
512 1971 652 2049 quoniam
674 1973 706 2032 in
729 1971 769 2038 iis
789 1973 926 2032 vincitur.
971 1973 1147 2050 peregrinos

124 2061 192 2138 ipsa
218 2059 294 2118 mire
322 2059 432 2120 odores
458 2067 489 2120 et
516 2059 551 2120 ad
583 2067 711 2120 anteros¹
730 2061 814 2138 petit.
835 2109 842 2122 ,
860 2066 942 2135 tanta
971 2058 1147 2122 mortalibus

124 2165 250 2211 suarum
268 2165 372 2218 rerum
391 2149 480 2210 satias
504 2155 551 2208 est
573 2148 796 2226 adiuturumque
819 2149 951 2213 aviditas.
997 2141 1081 2229 (39).
1095 2167 1146 2228 pe-

124 2243 197 2296 tunt
221 2237 314 2315 igitur
341 2238 372 2306 iu
395 2235 550 2317 Elymaeos
578 2236 716 2298 arborem
744 2235 864 2302 braium
891 2254 1035 2316 cupresso
1062 2237 1146 2314 lusae

125 2324 269 2407 similem,
293 2325 553 2407 exalbidisrarnis,
576 2325 699 2392 iucundi
722 2325 826 2388 odoris
846 2344 1001 2391 accensam
1025 2333 1055 2385 et
1078 2344 1148 2386 oum

81 2427 111 2468 2⁵
127 2414 274 2477 miraculo
306 2414 440 2486 listoriis
471 2414 596 2476 Claudi
626 2414 790 2476 Caesaris
822 2415 1031 2495 praedicatam.
1077 2415 1147 2476 lolia

129 2504 195 2564 eius
222 2505 398 2584 inspergere
425 2502 598 2584 potionibus
625 2503 751 2565 Parthos
778 2503 877 2565 tradit.
928 2505 1051 2570 odorem
1079 2523 1146 2565 esse

127 2593 298 2672 proximum
317 2592 407 2662 cadro
426 2594 603 2672 fumumque
620 2595 810 2662 cumcontra
826 2593 906 2672 ligna
926 2592 981 2657 alia
1004 2593 1146 2654 remedio.

128 2683 264 2742 nascitur
282 2681 361 2743 ultra
374 2681 545 2762 Pasitigrim
564 2682 719 2746 infinibus
738 2681 839 2762 oppidi
855 2681 975 2743 Sostrae
995 2684 1026 2742 in
1045 2690 1146 2742 monte

201 2822 283 2890 baut
296 2837 397 2890 utile.
430 2838 544 2890 autito.
572 2837 642 2890 utd.
698 2836 885 2906 degenerante
897 2840 933 2888 Ι.
961 2851 1027 2904 gen·
1043 2837 1146 2889 odedd.

129 2905 188 2970 Gal.
208 2923 252 2961 era
271 2909 336 2962 ante
354 2913 385 2963 1),
415 2908 485 2965 -rari
503 2907 643 2971 euacua
672 2908 704 2965 cl.
731 2910 736 2976 1
761 2909 792 2960 in
809 2906 839 2960 id
856 2911 911 2960 Ur.
939 2908 969 2961 et
986 2905 1016 2960 id
1032 2923 1059 2960 v.

130 2984 168 3040 11,
188 2977 310 3060 iucunde
333 2978 528 3038 beaddPiut
555 2979 607 3061 aifre
625 2981 703 3032 XXI
713 2983 758 3035 60.
781 2980 872 3032 XXV
876 2983 940 3034 118.
973 2977 1021 3060 -do
1044 2979 1145 3049 Erat

127 3065 212 3176 aaa
226 3050 1148 3204 cernuuuunuocauaa

127 3191 312 3262 prehenditur
326 3192 499 3262 crepitatque
513 3191 574 3263 igni
586 3198 622 3252 li.
646 3191 761 3254 -duutur
775 3193 904 3260 -mutque
916 3210 948 3246 m
960 3209 1021 3262 1gn1
1035 3194 1092 3274 (3ne
1107 3191 1147 3260 a')

127 3279 173 3319 ro.
271 3269 304 3320 at
329 3264 415 3320 miros
433 3268 468 3318 Ι.
496 3264 628 3333 myrrhae
646 3261 848 3326 matcaudo.
956 3269 991 3318 22
1016 3263 1149 3334 aliarum-

127 3351 184 3404 que
201 3339 237 3390 Ι.
319 3341 352 3392 23
372 3335 451 3392 fusam
468 3351 513 3390 ro.
540 3351 636 3396 nusae
649 3340 688 3394 1.
772 3340 805 3390 27
825 3333 930 3390 allel.
1021 3340 1055 3389 28
1074 3334 1148 3406 pasi-

127 3403 226 3476 tigrim
241 3405 270 3459 a¹
278 3405 353 3476 (Βὲ).
377 3407 443 3462 nim
455 3407 486 3462 in
499 3405 537 3461 al.
556 3407 612 3461 -rin
624 3407 655 3460 in
668 3406 772 3462 deodd.
780 3406 869 3462 Borh.
887 3405 990 3475 phasin
1002 3406 1100 3477 tigrim
1112 3411 1148 3462 1

128 3477 249 3545 -rimque
267 3476 297 3531 in
311 3478 440 3534 eddiortt.
457 3481 461 3548 Ι
478 3478 581 3548 oppido
595 3483 631 3533 Ι.
659 3477 760 3548 opimis
774 3477 835 3532 edd.
845 3477 1004 3534 onteBorb.
1021 3479 1026 3546 Ι
1042 3479 1149 3535 rostrae

129 3553 165 3602 Ι.
191 3551 300 3618 seynae
318 3550 473 3607 redducit.
502 3550 608 3620 scytiae
626 3551 666 3606 aa.
678 3549 754 3604 Vere.
773 3548 1082 3604 cinanmomum.
1110 3564 1149 3605 cn

130 3618 293 3675 Sostratae?
319 3621 370 3688 cfr.
386 3624 429 3674 VI
437 3627 501 3678 136.
