2594 3960
355 153 440 207 NAT.
459 151 551 207 HIST.
570 153 595 206 Χ
614 161 684 209 3-»6
703 157 794 225 (6-1)
1021 159 1085 223 163

126 297 169 364 4.
195 296 246 385 (ὁ)
278 303 421 364 Romanis
449 321 515 363 eam
542 302 708 383 legionibus
732 305 821 366 Gaius
844 305 956 366 Marius
982 309 1014 367 in
1038 326 1082 368 se·
1098 315 1109 364 1
1120 328 1124 360 =.

48 391 163 452 cundo
188 391 344 454 consulatu
366 410 420 453 suo
444 394 564 471 proprie
589 391 703 454 dicavit.
741 403 804 454 erat
827 402 857 455 et
880 402 966 456 antea
987 398 1083 475 prima

48 499 128 542 cum
157 488 301 560 quattuor
324 481 397 541 aliis.
443 480 518 561 lupi,
543 483 719 563 minotauri,
743 485 812 562 equi
836 486 959 562 aprique
983 487 1082 564 singn-

47 569 97 628 lcs
131 570 261 630 ordines
288 569 449 630 anteibant.
493 572 597 648 paucis
624 578 691 631 ante
722 573 807 631 annis
837 572 899 632 sola
928 574 959 632 in
989 575 1083 634 aciem

21 661 179 738 sportari
209 666 317 738 coepta
349 665 427 739 erat,
464 657 579 738 reliqua
615 661 646 718 in
684 662 790 720 castris
827 660 1082 739 relinquebantur.

46 748 176 808 Marius
204 751 236 808 in
264 755 362 808 totum
389 765 423 807 ea
446 745 599 810 abdicavit
645 766 681 808 ex
709 765 745 808 eo
773 756 909 810 notatum
931 768 991 810 non
1018 751 1082 810 lere

48 837 190 916 legionis
214 855 357 916 umquam
379 835 504 896 hiberna
528 853 594 896 esse
622 844 719 897 castra
747 835 800 898 ubi
828 838 994 916 aquilarum
1022 857 1082 900 non

18 927 23 933 '
51 928 94 986 sit
119 929 240 1005 iugum.

125 1015 233 1075 Primo
253 1023 284 1075 et
302 1013 433 1074 secundo
452 1016 556 1092 generi
574 1032 635 1074 non
659 1018 809 1076 minorum
831 1023 948 1076 tantum
962 1016 1080 1095 quadri·
1100 1026 1134 1074 11

14 1119 39 1158 ro
51 1105 175 1182 pedum
198 1105 303 1183 rapina
326 1102 379 1163 sed
402 1104 492 1162 etiam
515 1121 584 1163 cum
607 1105 704 1164 cervis
721 1104 843 1184 proelia.
871 1103 999 1165 multum
1016 1105 1081 1183 pul·

51 1211 164 1254 rerem
199 1193 332 1254 volutatu
363 1190 521 1252 collectum
552 1191 686 1253 insidens
723 1193 864 1253 cornibus
902 1195 1015 1254 excutit
1051 1196 1083 1254 in

54 1282 180 1363 666166,
208 1284 309 1362 pinnis
332 1299 385 1340 ora
407 1279 581 1362 verberans,
608 1282 702 1362 donec
725 1284 902 1362 praecipitet
928 1285 959 1342 iu
982 1300 1082 1361 rupes.

53 1389 113 1432 nec
140 1389 224 1431 unus
246 1370 341 1431 bostis
364 1369 407 1430 illi
430 1371 502 1429 satis
525 1377 578 1430 est.
616 1373 713 1430 acrior
740 1389 810 1431 cum
832 1370 961 1433 dracone
983 1388 1082 1451 pugna

55 1460 219 1540 multoque
248 1461 342 1538 magis
370 1476 493 1538 anceps,
523 1459 639 1520 etiamsi
666 1460 698 1520 in
727 1465 804 1520 aere.
851 1478 904 1519 ora
933 1459 982 1520 bic
1012 1477 1081 1520 con-

19 1561 42 1601 1⁵
55 1557 197 1610 sectatur
226 1548 340 1628 aquilae
368 1547 506 1609 aviditate
536 1548 676 1608 malefica.
721 1546 817 1624 aquila
845 1547 882 1608 ob
915 1547 972 1609 hoe
1004 1550 1084 1629 rapit

54 1638 247 1718 ubicumque
279 1630 389 1720 usum,
422 1637 471 1697 ille
500 1633 657 1716 multiplici
683 1655 763 1697 nexu
795 1635 855 1697 alas
883 1637 954 1716 ligat
979 1639 1021 1698 ita
1049 1655 1081 1698 se

56 1727 209 1808 inplicans
232 1735 267 1791 ut
289 1724 377 1788 simul
400 1725 525 1787 decidat.
643 1725 646 1732 '

129 1814 165 1880 b.
195 1811 248 1900 (6)
285 1817 340 1877 llst
368 1815 551 1896 percelebris
581 1816 660 1896 apud
690 1817 799 1877 Seston
828 1815 935 1878 urbem
964 1816 1079 1894 aquilae
1099 1823 1134 1872 18

59 1907 171 1986 gloria:
194 1925 262 1968 esse
277 1907 414 1968 eductam
428 1924 445 1966 a
458 1908 581 1988 virgine,
600 1905 739 1967 retulisse
754 1908 880 1984 gratiam
893 1921 962 1966 aves
975 1907 1082 1986 primo,

21 2009 47 2048 ao
60 2015 131 2058 mox
165 1996 272 2057 deinde
302 2003 427 2056 venatus
458 1995 664 2077 adgerentem,
697 1994 838 2055 defuncta
867 2001 1019 2074 postremo
1050 1995 1082 2053 in

61 2104 172 2166 rogum
195 2103 356 2146 accensum
378 2087 443 2145 eius
465 2086 604 2144 iniecisse
628 2101 694 2144 sese
718 2091 750 2144 et
767 2081 855 2143 simul
874 2082 1081 2160 conflagrasse.

60 2193 155 2253 quam
178 2175 217 2235 ob
241 2191 361 2234 causam
382 2174 497 2234 incolae
521 2171 601 2250 quod
623 2179 730 2232 vocant
753 2171 879 2231 heroum
902 2173 934 2230 in
957 2188 992 2229 eo
1015 2169 1082 2228 loco

61 2265 165 2326 iecere
188 2262 369 2344 appellatum
391 2261 467 2323 loris
492 2268 522 2322 et
544 2263 684 2342 virginis,
713 2261 853 2340 quoniam
875 2258 918 2319 illi
941 2257 997 2317 deo
1021 2256 1081 2318 ales

61 2353 255 2415 adscribitur.

29 2463 50 2503 25
130 2437 169 2504 6.
194 2435 246 2524 (7)
269 2441 428 2502 Vulturum
450 2439 621 2520 praevalent
642 2441 729 2518 nigri.
756 2437 843 2499 nidos
866 2454 954 2497 nemo
978 2438 1081 2515 attigit.
1102 2443 1138 2493 19

62 2531 131 2592 ideo
157 2539 187 2592 et
210 2531 295 2592 luere
319 2533 371 2610 qui
393 2536 533 2611 putarent
554 2529 621 2590 illos
645 2546 681 2588 ex
705 2526 828 2587 adverso
847 2524 919 2587 orbe
939 2524 1083 2586 advolare.

64 2620 149 2682 falso.
188 2619 348 2681 nidificant
374 2621 407 2679 in
434 2618 643 2680 excelsissimis
673 2615 807 2695 rupibus.
853 2615 932 2676 letus
962 2612 1084 2693 pridem

65 2728 154 2790 saepo
183 2716 363 2789 cernuntur,
390 2708 453 2768 lere
480 2707 552 2767 bini.
598 2704 804 2767 Umbricius
831 2703 1025 2781 haruspicum
1051 2705 1084 2762 in

65 2807 169 2860 nostro
193 2816 265 2858 aevo
287 2798 488 2878 peritissimus
510 2813 617 2874 parere
639 2794 730 2854 tradit
756 2811 811 2853 ova
837 2792 995 2874 tredecim,
1022 2809 1086 2852 uno

137 3060 246 3116 nferre
264 3057 309 3112 ι’.
406 3055 563 3126 tlegionis
581 3055 645 3108 1²11.
678 3070 739 3110 -ues
760 3072 784 3109 r.
818 3055 823 3122 1
856 3053 1018 3106 hibemassc
1041 3049 1085 3105 1².

67 3129 254 3203 6661116631.
328 3134 361 3182 12
377 3145 427 3183 oro
444 3127 522 3181 W.
551 3143 643 3182 6666.
717 3124 854 3180 1311116.
883 3123 922 3177 -le
940 3126 966 3175 d.
995 3121 1042 3174 -lis
1059 3138 1085 3175 r.
1119 3137 1142 3176 ·,

70 3201 184 3270 lacrior
202 3202 247 3255 est
264 3199 323 3254 a’v.
396 3204 429 3253 15
448 3198 546 3267 aquila
563 3213 618 3266 ego.
646 3197 683 3251 ab
700 3196 753 3251 1116
770 3195 861 3248 nat
886 3195 917 3248 at
933 3192 987 3246 ille
1002 3191 1083 3246 cido.

139 3280 182 3328 11.
203 3277 235 3326 18
254 3271 369 3326 decidat
389 3272 433 3324 est
454 3268 623 3339 percelebris
646 3267 704 3322 alo.
737 3267 801 3321 -Est
817 3267 880 3320 -bre
901 3263 944 3316 Ρ.
981 3263 1085 3331 -Sepae

69 3345 191 3412 celebres
215 3343 254 3397 ⁸¹.
286 3357 383 3410 -saepe
406 3341 467 3394 -bre
485 3339 528 3393 1¹.
559 3340 667 3394 --·bres
689 3340 755 3393 B¹d
791 3335 892 3391 n-lnis
914 3333 959 3387 2².
1051 3337 1084 3387 18

70 3418 163 3470 seston
179 3412 215 3465 1¹²
235 3415 268 3468 iu
285 3429 342 3468 ros,
359 3412 405 3466 2².
433 3413 511 3466 sexto
530 3428 553 3465 r.
626 3417 659 3465 19
679 3411 782 3480 gloria:
801 3425 861 3462 6666
880 3406 1010 3461 eductam
1028 3419 1084 3472 epo.

70 3486 159 3554 glorie.
181 3501 242 3538 6666
265 3483 380 3539 ductam
401 3482 488 3537 rc²d
525 3481 654 3536 --ducam
673 3482 710 3535 61.
747 3479 839 3549 glorio
857 3494 889 3532 ee
908 3476 1022 3530 ductam
1039 3475 1084 3528 12¹.

71 3558 153 3612 -riare
166 3555 297 3610 eductam
309 3554 348 3607 12²
422 3559 457 3609 25
471 3552 681 3622 usuagium.
754 3556 789 3605 26
803 3548 922 3603 aduerso
935 3546 970 3598 1‘l
982 3548 1015 3599 iu
1028 3561 1087 3600 rac.

72 3646 112 3682 -ae
130 3645 155 3682 r.
185 3629 190 3694 1
219 3626 285 3680 orbe
303 3643 329 3680 o.
361 3626 430 3680 urbe
451 3625 479 3679 ll.

870 3702 924 3757 11*
