2608 3958
489 115 695 171 Pnlnrlmo
1042 141 1107 188 m

74 269 188 342 Ianus,
215 268 268 344 qui
290 267 323 326 in
345 267 533 327 conferendis
555 267 707 328 codicibus
726 266 856 328 editione
873 268 1055 328 Broteriane
1079 289 1106 330 a.

77 361 146 417 177
151 360 173 418 9
198 356 359 430 utebatur,
382 374 434 415 eos
456 357 577 416 tantum
598 375 753 432 numeros,
781 357 833 433 qui
858 375 892 415 re
918 356 985 433 ipsa
1008 360 1040 418 et
1062 389 1105 402 -

76 449 116 505 nt
134 447 184 506 ite
201 446 301 505 dicum
320 475 363 486 —-
382 445 480 522 gradu
504 446 542 506 eb
565 446 656 505 huius
679 445 819 505 editionis
841 447 974 508 numeris
993 446 1106 508 diversi

77 538 200 615 essent,
232 534 404 612 adnotavit,
433 535 550 596 ceteros
579 535 682 596 omisit
707 553 804 611 neque
834 535 993 611 quicquam
1018 537 1106 612 pensi

76 625 194 684 habuit
216 624 359 683 essentne
380 617 498 706 notis*)
522 642 561 682 en
583 623 738 683 vocubulis
766 623 879 699 scripti.
925 623 978 683 sed
1000 626 1106 700 paucis

76 716 188 772 tamen
206 713 282 772 locis
301 731 321 772 a
338 712 490 773 codicibus
508 713 553 772 ita
573 714 693 789 recessi,
715 714 751 770 ut
768 714 857 772 notae
875 731 931 789 pro
948 713 1105 774 vocabulis

77 804 113 860 in
132 803 256 861 textum
274 801 448 879 reciperem,
474 802 545 878 quis.
561 801 731 861 numeralia
749 801 947 863 distributiva
963 821 1019 879 pro
1042 821 1106 862 car-

77 891 239 950 dinalibus
258 890 397 966 ponende
420 893 518 964 erant,
541 889 573 949 id
591 891 671 966 quod
693 891 817 967 fugerat
838 891 1105 952 transcribentium

75 980 283 1039 librariorum
304 979 538 1056 neglegentiam.
584 979 711 1038 eundem
738 979 888 1040 rationem
916 979 1009 1038 etiam
1035 979 1104 1040 eliis

75 1069 159 1129 locis
181 1069 322 1127 adhiberi
340 1085 397 1144 par
420 1071 494 1145 erat,
516 1069 549 1126 in
571 1068 680 1144 quibus
705 1068 779 1127 satis
798 1068 891 1126 habui
915 1087 1048 1128 errorem
1070 1071 1104 1128 in

76 1157 300 1218 commentario
322 1159 453 1217 notasse.

150 1246 230 1322 Iam,
254 1248 289 1306 ut
312 1245 349 1304 de
373 1247 631 1306 commentario
654 1245 784 1305 critico
803 1245 900 1304 dicem
918 1264 995 1321 quae
1018 1263 1104 1321 prae-

76 1335 235 1395 monenda
262 1334 417 1410 videntur,
449 1335 592 1394 adnotavi
624 1335 790 1412 scripturas
823 1334 959 1394 codicum
990 1353 1103 1411 eorum,

77 1443 214 1500 quorum
241 1441 313 1500 pers
342 1423 455 1483 u-Iano
479 1425 510 1483 et
532 1424 677 1483 Ddbnero
701 1423 851 1500 quondam
877 1423 910 1481 in
935 1441 1024 1482 usum
1047 1422 1103 1483 Sil-

77 1513 158 1590 ligii,
180 1531 253 1589 pars
273 1531 292 1571 a
309 1512 484 1572 Detlefseno
502 1515 610 1588 postea
627 1530 723 1572 noves
742 1531 832 1588 quum
854 1530 933 1570 nuno
955 1513 1102 1572 habemus

80 1603 226 1662 editionis
249 1619 341 1661 causa
368 1619 491 1661 excusse
517 1604 573 1661 est.
619 1601 694 1661 alius
723 1605 778 1661 aut
802 1619 896 1662 noras
925 1601 1102 1663 collationes

80 1709 137 1750 nec
158 1691 218 1749 feci
240 1703 295 1749 nec
316 1690 470 1750 iaciendas
493 1690 608 1764 curavi,
637 1691 708 1767 quis
730 1709 839 1766 parum
866 1690 1025 1765 probabile
1053 1696 1101 1751 est

81 1781 162 1839 inter
186 1779 303 1839 codices
326 1780 459 1840 nondum
485 1780 625 1854 collatos,
654 1779 707 1838 sed
735 1798 862 1856 quorum
890 1780 1023 1855 aliquam
1049 1797 1100 1840 no·

83 1868 185 1927 titiam
207 1868 387 1946 hebeemus,
417 1867 495 1928 tales
524 1886 600 1945 esse,
631 1868 736 1944 quoles
764 1869 836 1926 sunt
857 1868 1023 1929 Moneanus
1050 1870 1101 1928 vel

82 1957 317 2034 Bambergensis
349 1958 399 2017 vel
434 1957 589 2017 Leidensis
622 1957 666 2033 A,
698 1958 852 2018 vetustate
886 1959 918 2016 et
951 1958 1100 2034 singulari

82 2046 271 2123 praestantia
307 2047 424 2106 ceteros
455 2047 545 2123 longe
579 2048 772 2122 superantem
809 2065 845 2105 ex
881 2046 1101 2105 recentioribus

83 2138 186 2194 autem
212 2135 263 2196 vix
293 2136 453 2212 quicquam
481 2135 626 2194 utilitatis
658 2134 840 2211 sperandum
869 2135 936 2194 erit.
987 2132 1100 2211 Silligii

83 2227 263 2301 apparatum
286 2224 432 2298 criticum,
456 2225 507 2300 qui
529 2227 600 2302 post
622 2225 686 2283 eius
709 2225 839 2283 mortem
860 2223 893 2281 in
914 2222 1100 2282 bibliotheca

81 2314 167 2390 regia
193 2313 359 2373 Dresdensi
386 2315 573 2391 asservetur,
601 2315 835 2374 consentaneum
859 2314 911 2414 int
937 2311 1100 2387 diligenter

82 2422 164 2462 ame
184 2421 250 2462 esse
269 2402 481 2478 examinatum,
499 2403 532 2461 in
545 2421 603 2479 quo
617 2401 755 2461 Diibneri
773 2401 893 2478 quidem
912 2401 1097 2480 collationes,

81 2509 263 2568 quamquem
284 2491 450 2551 identidem
473 2491 582 2550 scrinia
604 2494 813 2567 perscrutatus
837 2509 916 2564 sum,
944 2507 1005 2549 non
1031 2509 1098 2566 rep-

80 2581 153 2656 peri,
176 2580 318 2640 Ianienus
336 2598 409 2640 vero
427 2583 573 2656 perpetuo
596 2581 635 2639 ed
653 2599 776 2638 manum
794 2577 952 2655 habebam,
975 2582 1011 2638 ut
1029 2597 1098 2638 cnm

81 2670 296 2730 commentario
315 2668 473 2746 Silligiano
492 2672 631 2730 accurate
650 2669 785 2730 conferre
808 2671 839 2728 et
857 2671 960 2728 erreta
982 2668 1099 2744 aliquot

82 2758 305 2834 deprehendere
319 2759 394 2818 mihi
407 2759 520 2818 liceret.
556 2778 649 2835 quare
667 2757 847 2834 ubicumque
865 2756 1009 2818 dissentio
1029 2774 1098 2816 cum

150 2997 175 3066 *)
194 2998 382 3053 Nummorum
400 2999 586 3055 notandorum
609 2999 747 3055 rationem
769 3001 954 3071 peculiarem,
977 3000 1098 3070 quaein

82 3068 164 3122 Plinii
181 3068 262 3124 libris
281 3070 410 3138 cernitur,
429 3071 553 3126 breviter
570 3071 701 3141 exposuit
713 3071 891 3126 Detleisenus
909 3073 940 3126 in
952 3072 1097 3128 Leutechii

82 3143 156 3194 nunt.
175 3139 276 3210 philol.
295 3141 334 3195 Ill
352 3159 379 3211 p.
395 3145 455 3195 132.
487 3144 634 3211 praeterea
652 3142 701 3198 cir.
715 3143 877 3198 lbiedleinii
895 3144 1096 3198 commentatio

85 3210 132 3264 ‘de
148 3212 223 3266 nolis
245 3227 426 3266 numerorum
443 3211 593 3267 Romanis'
618 3214 648 3266 in
666 3214 809 3268 Bullctiuc
831 3217 862 3270 di
884 3216 1060 3284 biblioyrafiu
1083 3231 1097 3270 c

83 3282 112 3336 c·
132 3285 220 3337 πυτία
244 3283 313 3338 delle
334 3285 437 3338 eciem
458 3285 643 3339 motmuticbc
665 3301 680 3340 e
701 3285 794 3352 fistobc
813 3287 975 3354 pubblicuto
998 3287 1037 3340 da
1058 3285 1095 3342 B.

83 3352 290 3424 Bonocmpcpac'
309 3353 330 3406 I
346 3359 465 3410 48-50
487 3354 668 3425 eiusdemque
689 3356 763 3422 liber
785 3356 834 3424 qui
855 3356 1018 3411 inscribitur
1040 3357 1096 3412 Die

85 3423 256 3479 Zuldeee'cbcn
273 3425 333 3480 cord
350 3425 401 3481 due
419 3427 575 3482 elouentore
592 3426 721 3482 Rectum
738 3427 786 3481 der
805 3427 937 3482 Griecbm
958 3430 1019 3483 ced
1037 3427 1094 3482 Ro·-

83 3511 134 3549 mer
151 3494 301 3578 (Eulengac
322 3501 410 3567 1869),
432 3513 503 3566 quos
521 3497 608 3553 libros
627 3513 823 3566 commemoro,
842 3515 1013 3567 quamquem
1035 3499 1096 3568 ipse
1173 3570 1187 3594 χ
1297 3553 1298 3562 ,

86 3583 138 3620 nen
154 3583 272 3636 inspen.

839 3657 878 3710 b*
