2628 3950
473 194 679 250 PRAEFATIO
1012 215 1086 264 m

69 341 212 406 editionis
231 343 401 404 Drasdense
425 346 576 422 exemplar
594 346 786 423 magnificum
809 347 876 404 eta
898 345 1087 404 rubricatore

68 431 278 492 sollertissime
306 435 483 494 exornatum
511 453 530 492 a
557 453 605 494 me
632 435 776 494 collatum
803 452 868 493 esse
895 451 988 509 supra
1014 432 1087 492 dixi.

66 519 188 584 videtur
206 521 308 580 autem
321 521 430 582 Ienson
448 523 686 600 typographicae
704 521 895 599 potissimum
913 522 1084 598 elegantiae

67 609 189 674 lmdem
208 610 392 686 quaesivisse
409 629 464 670 nec
482 611 595 671 eruditi
617 611 754 688 hominis,
778 612 830 688 qui
847 613 965 670 textum
988 627 1085 670 emen-

69 699 164 774 daret,
187 717 281 774 opera,
296 713 368 758 usus
389 717 463 773 esse,
486 701 522 758 ut
539 701 604 760 eius
627 699 720 761 editio
744 700 933 775 superiorum
956 699 1085 758 duarum

69 787 236 848 editionum
262 787 328 847 loco
355 788 462 847 haberi
489 790 569 848 recte
596 789 700 864 possit
751 807 848 864 neque
878 789 959 848 enim
987 787 1024 846 de
1054 806 1087 846 se

69 894 182 954 suoque
210 876 346 938 consilio·
362 877 521 952 quicquam
550 877 615 953 ipse
642 876 839 954 praedicarit,
867 877 920 938 sed
942 877 1088 936 Iohannis

69 966 197 1029 wdreae
220 967 344 1039 episcopt
367 967 518 1026 aleriensis
540 967 580 1026 ad
596 969 765 1040 pontificem
791 984 936 1026 summata
957 966 1089 1025 Pactam

68 1055 226 1116 amandam
238 1058 371 1114 aeneam
390 1055 539 1128 ῳίποῐαω
557 1055 596 1114 ad
614 1057 726 1115 amcam
743 1055 904 1115 voluminis
924 1054 1088 1114 subiunxit.

68 1141 228 1203 Iensonem
241 1161 311 1202 mox
325 1143 493 1202 aemulatus
508 1144 554 1204 est
568 1142 739 1220 Stephanus
754 1142 891 1203 corallus
906 1142 1087 1219 Lugdunen-

68 1231 109 1290 sis
128 1230 260 1293 editione
279 1249 306 1290 a.
326 1233 388 1291 147
393 1233 410 1290 6
430 1231 581 1292 Parmae
599 1233 742 1306 confecta,
766 1249 842 1308 quae
857 1232 992 1292 Venetae
1011 1231 1086 1291 adeo

69 1319 175 1378 similis
194 1321 253 1392 est,
276 1321 311 1378 ut
333 1339 393 1380 non
416 1321 536 1380 tantum
554 1322 676 1381 chartae
695 1323 727 1381 et
743 1323 887 1398 typorum
904 1320 1010 1393 forma
1034 1318 1088 1378 sed

69 1409 160 1469 etiam
183 1408 363 1484 paginarum
386 1410 418 1468 et
439 1428 581 1470 versuum
599 1410 807 1486 magnitudine
829 1411 862 1468 et
879 1427 1004 1468 numero
1023 1409 1087 1483 pla-

67 1498 191 1560 nissime
204 1497 285 1556 inter
299 1515 330 1556 se
345 1500 521 1573 congruant.
543 1499 619 1558 nihil
632 1499 767 1574 proiecto
786 1500 865 1559 inter
884 1517 916 1558 se
930 1497 1088 1556 differrent

68 1585 268 1661 cantandique
290 1585 379 1646 facile
400 1589 531 1662 possent,
555 1587 619 1668 nisi!
636 1588 806 1648 Parmensis
828 1587 985 1663 recognita
1007 1587 1089 1646 esset

69 1693 87 1732 a
109 1675 280 1750 Philippo
303 1674 481 1734 Beroaldo
505 1676 700 1751 Bononiensi,
724 1678 776 1753 qui
797 1675 890 1734 Plinii
915 1675 1088 1734 naturalem

69 1764 230 1824 historiam
247 1764 279 1822 in
297 1764 455 1840 gymnasio
473 1765 594 1840 publico
614 1765 770 1825 Parmensi
788 1784 823 1824 eo
842 1767 978 1842 tempore
994 1765 1087 1822 inter-

69 1852 258 1928 pretabatur.
303 1853 335 1912 in
354 1853 485 1928 epistula
508 1853 547 1912 ad
564 1853 723 1914 Nicolaum
741 1853 946 1913 Ravacaldum
969 1852 1088 1912 canoni-

71 1960 139 2000 cum
160 1941 356 2000 Parmensem
378 1941 450 2000 data
478 1943 603 2002 selectas
631 1943 747 2018 aliquot
774 1943 960 2002 coniecturas
989 1941 1089 2000 causis

70 2031 226 2106 explicatis
250 2030 470 2090 commendarit
492 2032 524 2089 et
546 2031 660 2106 triplici
681 2031 798 2089 ratione
822 2030 898 2088 dixit
927 2048 959 2088 se
988 2047 1086 2089 emen-

71 2119 223 2178 dationem
241 2120 410 2178 assecutum
429 2119 488 2178 sibi
505 2119 615 2179 videri:
633 2121 748 2192 pcata
761 2119 939 2190 fidelioribus
952 2119 1091 2190 inspectis

69 2209 224 2282 Paeimis
246 2209 403 2268 codicibus:
420 2211 534 2281 param
555 2212 685 2268 adeam
707 2209 880 2280 scriptoram
903 2208 1090 2266 uacwrttate:

64 2299 178 2371 pactae
199 2296 301 2371 Plpaa't
322 2299 415 2370 distas
438 2298 613 2358 testimonio:
637 2298 687 2369 qaa'
709 2297 784 2369 qaod
805 2313 863 2355 raro
885 2297 918 2354 ta
941 2295 1000 2353 loco
1024 2295 1088 2353 tre·

70 2389 145 2446 aiter
164 2389 191 2444 er
208 2387 379 2446 subobscure
397 2387 527 2445 damet:
551 2386 622 2445 alibi
640 2385 761 2456 effaetas
778 2387 886 2444 narrat
902 2383 931 2442 rt
949 2385 1088 2456 apertae.

29 2545 38 2556 .
71 2476 127 2536 hac
149 2473 282 2535 editione
304 2474 352 2532 usi
375 2475 445 2534 sunt
467 2473 635 2548 Pintianus,
659 2473 878 2549 Delecampius‚
902 2471 1085 2544 Harduinus‚

72 2558 125 2622 sed
148 2563 302 2622 Barbarus
326 2581 393 2623 eam
415 2563 581 2640 inspexisse
603 2563 706 2639 putari
733 2561 784 2623 vix
810 2562 923 2637 potest,
950 2578 1021 2619 nam
1048 2560 1088 2618 ad

71 2651 148 2710 VHI
170 2655 231 2724 161
256 2652 341 2710 nulla
362 2649 506 2711 Beroaldi
528 2651 679 2712 mentione
701 2649 783 2710 facta
806 2649 1045 2709 emendationem
1068 2667 1088 2708 o

78 2741 157 2800 Veiis
179 2743 216 2800 ut
244 2758 330 2799 suam
358 2741 516 2816 proposuit
544 2739 652 2799 iisdem
681 2739 789 2816 quibus
817 2739 869 2798 ille
900 2737 1088 2814 argumentis

71 2847 153 2906 usus,
171 2828 311 2904 idemque
329 2829 396 2890 aliis
415 2847 533 2905 quoque
551 2829 624 2888 locis
638 2828 753 2888 factum
772 2847 837 2888 esse
856 2827 926 2887 vidi.
953 2827 1089 2903 reliquae

71 2918 186 2994 primas
201 2918 310 2977 aetatis
329 2918 475 2977 editiones
493 2918 605 2977 nullius
624 2917 768 2977 momenti
786 2935 860 2993 esse,
880 2915 933 2978 red
946 2914 1089 2974 Beroaldi

71 3006 314 3066 emendationum
333 3025 392 3083 aas,
416 3025 492 3083 quae
510 3007 576 3066 veri
598 3007 728 3082 speciem
744 3024 818 3081 prae
842 3023 874 3064 se
896 3004 1019 3077 ferrent,
1041 3023 1088 3062 re-

71 3096 204 3172 petiisse,
222 3095 330 3154 ceteris
348 3095 421 3156 locis
439 3096 600 3171 uulgatum
618 3097 734 3154 textum
752 3112 889 3155 servasse
907 3093 1055 3154 videntur.

139 3183 303 3244 Secunda
326 3185 427 3244 aetas
451 3187 518 3243 orta
536 3187 583 3243 est
602 3184 640 3242 ab
659 3201 685 3242 a.
707 3185 801 3259 1492,
825 3201 884 3259 quo
902 3200 980 3241 anno
999 3179 1089 3239 Her·

71 3273 210 3334 molaus
228 3273 412 3332 Barbarus
430 3273 543 3333 Romae
562 3272 656 3332 edidit
675 3265 899 3348 ‘castigationes
913 3262 1089 3346 Plinianas',

71 3363 261 3437 praeclarum
280 3361 356 3420 illud
375 3380 450 3437 opus
473 3364 504 3420 et
525 3361 709 3420 incredibilis
733 3359 909 3419 eruditionis
933 3361 964 3418 et
987 3358 1088 3434 singu·

71 3451 144 3510 laris
175 3451 352 3527 sagacitatis
381 3443 636 3530 plemssimum*).
690 3449 722 3506 in
752 3469 809 3526 quo
840 3466 908 3506 cum
942 3441 1090 3523 ‘quinque

144 3637 170 3706 *)
198 3637 367 3692 Rezzonious
393 3639 422 3692 et
445 3655 509 3693 cum
532 3654 566 3692 eo
591 3637 717 3706 Silligius
740 3634 895 3688 Barbarum
919 3631 1091 3701 putaverant
