2636 3952
399 159 483 213 nar.
502 159 595 214 fflsr.
615 159 653 213 xl
673 165 776 215 1c-1r
797 161 924 227 (xe-1⁷)
1100 159 1164 222 221

111 361 118 376 .
149 311 265 390 ignavia
288 316 339 370 aut
360 308 575 368 infecunditate
598 307 733 370 naturali.
770 308 819 369 hic
843 317 888 369 est
912 308 1033 370 abortus
1054 312 1165 389 apium.

149 401 288 478 protinus
316 405 416 458 autem
443 397 543 458 educti
571 404 733 477 operantur
761 398 887 477 quadam
915 397 1069 478 disciplina
1097 417 1166 460 cum

151 486 312 568 matribus,
349 504 510 564 regemque
542 488 680 545 invenem
713 485 844 565 aequalis
876 485 963 546 turba
1001 489 1168 548 comitatur.

150 594 237 655 reges
260 575 363 654 plures
386 573 573 655 inchoantur,
596 592 633 634 ne
657 573 766 634 desint.
802 583 906 653 postea
926 593 962 636 ex
980 576 1026 635 his
1046 575 1166 656 suboles
1186 587 1219 638 51

120 676 221 725 acum
240 663 338 725 adulta
361 681 427 722 esse
452 665 558 743 coepit,
582 663 729 723 concorde
754 665 894 744 sullragio
914 656 1092 726 deterrimos
1115 683 1166 724 ne-

140 760 233 833 eant,
264 771 301 813 ne
332 750 496 812 distrahant
526 752 650 830 agmina.
696 752 755 812 duo
786 759 885 812 autem
915 771 1024 832 genera
1054 772 1167 834 eorum,

151 841 257 902 melior
284 839 387 916 rufus,
417 843 551 901 deterior
579 841 664 920 niger
693 843 862 920 variusque.
908 840 1045 902 omnibus
1073 843 1168 901 forma

152 947 270 1010 semper
293 931 412 1008 egregia
436 936 466 988 et
488 928 577 1008 duplo
602 946 690 1007 quam
713 931 822 990 ceteris
845 929 947 1010 maior,
969 932 1077 1009 pinnae
1100 929 1166 989 bre-

151 1021 263 1100 vioreS,
292 1036 380 1078 crura
407 1024 503 1097 recta,
533 1019 687 1096 ingressus
716 1016 837 1100 celsior,
868 1021 898 1077 in
927 1018 1025 1078 fronte
1054 1019 1167 1078 macula

110 1105 280 1186 aquodam
313 1106 476 1167 diademate
510 1105 676 1166 candicans.
731 1106 858 1167 multum
896 1109 985 1168 etiam
1021 1108 1118 1166 nitore
1152 1125 1167 1166 a

151 1194 240 1274 vulgo
263 1195 413 1256 dillerunt.

222 1277 279 1357 17.
299 1276 374 1366 (11)
398 1283 528 1354 Quaerat
546 1301 626 1344 nunc
646 1281 761 1365 aliquis,
779 1301 897 1366 unusne
912 1280 1057 1344 Hercules
1077 1283 1168 1343 suerit
1187 1293 1221 1344 52

153 1380 183 1433 et
211 1367 286 1450 qu'ot
311 1363 413 1432 Liberi
439 1379 541 1451 patres
569 1379 599 1432 et
626 1372 742 1450 reliqua
769 1375 927 1432 vetustatis
961 1375 1020 1433 situ
1048 1370 1168 1432 obruta!

153 1477 224 1521 ecce
240 1462 278 1520 vin
301 1479 334 1520 re
358 1477 447 1539 parva
475 1459 610 1538 villisque
639 1463 750 1520 nostris
778 1460 904 1541 adnexa,
932 1462 1018 1521 cuius
1046 1461 1169 1520 adsidua

1 1625 2 1638 ,
113 1560 140 1602 1⁵
155 1551 239 1629 copia
259 1556 314 1631 est,
336 1567 397 1609 non
421 1555 539 1609 constat
561 1551 639 1608 inter
663 1557 810 1630 auctores,
833 1567 887 1608 rex
910 1549 1064 1609 nullumne
1089 1549 1169 1610 solus

149 1637 260 1698 ‘lrabeat
292 1636 428 1699 aculeum
459 1639 613 1697 maiestate
645 1645 761 1699 tantum
797 1644 943 1719 armatuS,
980 1656 1017 1698 an
1054 1637 1170 1698 dederit

153 1727 275 1806 quidem
298 1743 366 1788 eum
390 1734 509 1807 natura,
532 1726 584 1786 sed
603 1745 692 1786 usum
716 1729 780 1787 eius
804 1725 847 1786 illi
870 1733 985 1786 tantum
1009 1729 1169 1805 negaverit.

154 1815 227 1877 illud
255 1822 383 1896 constat,
415 1817 626 1894 imperatorem
653 1815 756 1876 aculeo
784 1833 844 1875 non
872 1817 924 1875 nti.
970 1817 1044 1874 mira
1072 1813 1170 1893 plebei

156 1905 234 1964 circa
248 1923 327 1965 eum
350 1903 526 1983 obedientia.
572 1921 641 1964 cum
663 1903 811 1984 procedit,
833 1921 893 1962 una
916 1911 962 1962 est
984 1910 1081 1963 totum
1104 1922 1169 1964 exa·
1189 1911 1222 1960 53
1299 1943 1306 1948 -

113 2004 224 2052 2⁰rnen
252 1995 390 2070 circaque
419 2009 487 2051 eum
517 1990 666 2073 globatur,
695 1993 801 2071 cingit,
830 1992 972 2079 protegit,
1001 1993 1083 2051 cerni
1110 2009 1171 2051 nou

154 2082 276 2158 patitur.
313 2079 428 2157 reliquo
451 2086 595 2159 tempore,
618 2098 686 2139 cum
704 2079 832 2159 populus
855 2081 887 2138 in
905 2078 1006 2139 labore
1030 2086 1085 2159 est,
1107 2081 1170 2157 ipse

156 2185 249 2245 opera
276 2169 359 2227 intus
390 2169 540 2248 circumit,
572 2166 677 2227 similis
708 2166 889 2248 exhortanti,
921 2166 1002 2226 solus
1031 2169 1171 2227 inmunis.

157 2258 237 2316 circa
265 2273 335 2316 eum
362 2255 504 2316 satellites
532 2255 651 2334 quidam
679 2255 860 2334 lictoresque
888 2253 1004 2315 adsidui
1031 2255 1171 2315 custodes

157 2345 352 2405 auctoritatis.
397 2344 533 2424 procedit
561 2344 640 2404 loras
664 2362 724 2404 non
752 2345 809 2404 nisi
837 2345 1001 2422 migraturo
1029 2346 1171 2404 examine.
1191 2352 1225 2404 54

116 2444 144 2488 2⁶
157 2433 187 2493 id
211 2433 305 2495 multo
328 2433 513 2513 intellegitur
535 2440 617 2514 ante,
642 2433 753 2512 aliquot
776 2430 881 2492 diebus
909 2449 1063 2492 murmure
1091 2434 1172 2493 intus

157 2529 323 2603 strepente,
352 2519 629 2603 adparatus'indiee
658 2521 737 2582 diem
759 2522 968 2600 tempestivum
992 2521 1172 2600 eligentium.

158 2612 184 2670 si
207 2613 274 2690 quis
297 2611 372 2671 alam
395 2613 423 2672 ei
446 2611 613 2691 detruncet,
635 2629 696 2671 non
719 2611 813 2690 fugiat
836 2628 967 2670 examen.
1014 2629 1082 2671 cum
1104 2630 1172 2690 pro·

106 2697 107 2700 ’
158 2717 286 2780 cessere,
309 2718 341 2761 se
361 2718 499 2779 quaeque
518 2701 684 2779 proximam
706 2699 749 2759 illi
773 2701 855 2778 cupit
878 2717 943 2759 esse
968 2706 998 2760 et
1021 2701 1051 2758 in
1075 2700 1172 2760 officio

159 2790 292 2869 conspici
315 2789 433 2868 gaudet.
478 2789 590 2849 sessum
618 2790 730 2849 umeris
759 2786 927 2868 sublevant,
955 2787 1079 2848 validius
1107 2790 1172 2849 lati-

116 2889 146 2932 eo
159 2884 260 2958 gatum
283 2895 320 2937 ex
342 2885 405 2946 toto
432 2884 562 2958 portant,
607 2879 632 2937 si
661 2894 719 2955 qua
746 2875 853 2936 lassata
881 2876 990 2936 deiecit
1018 2884 1069 2936 aut
1096 2877 1173 2937 sorte

230 3073 248 3120 4
274 3082 310 3121 ne
333 3067 427 3122 desint
448 3066 536 3121 Borb.
576 3080 628 3119 nec
651 3064 752 3119 desunt
775 3065 802 3118 ll.
898 3071 913 3119 ‘1
937 3063 1027 3132 nilus,
1054 3065 1175 3119 deterior

161 3138 253 3194 Ianus
267 3139 326 3193 coll.
340 3137 406 3210 §59
421 3143 446 3192 et
454 3137 542 3192 Arist.
556 3137 582 3190 b.
597 3153 623 3189 a.
634 3137 724 3190 ΙΧ40
733 3152 764 3204 p.
773 3135 876 3202 62411,
885 3140 935 3191 22.
960 3138 987 3187 V
992 3141 1029 3191 21
1039 3137 1175 3205 1155311,

161 3213 208 3264 24.
221 3221 282 3265 ‘ona
297 3209 354 3262 llo.
427 3213 460 3261 13
476 3207 551 3276 quod
564 3213 616 3259 Da.
633 3207 637 3274 Ι
653 3205 741 3278 patris
755 3224 779 3260 a.
797 3208 801 3274 Ι
816 3205 965 3260 uetustatis
979 3210 1025 3260 do.
1053 3223 1137 3261 uena·
1151 3223 1174 3261 r.

233 3286 268 3333 14
286 3279 398 3334 assidua
416 3283 462 3333 do.
495 3293 558 3332 -uae
576 3281 635 3331 BR.
668 3293 714 3330 -ua
734 3295 758 3330 a.
837 3283 869 3331 1⁵1
889 3277 948 3331 eius
966 3277 1046 3331 lt'd'.
1078 3277 1175 3332 mestis

161 3351 199 3404 (1¹.
226 3351 293 3404 estis
310 3350 381 3403 DBl.
411 3364 471 3404 essa
490 3367 513 3402 a.
537 3349 541 3417 l
563 3345 631 3419 illis]
645 3349 756 3401 tantm
774 3345 812 3400 (1².
844 3347 901 3400 illis
920 3349 1030 3401 tautum
1048 3355 1099 3401 Ba.
1132 3347 1177 3402 illi

161 3423 266 3476 statum
284 3421 328 3475 12¹.
356 3421 406 3476 ille
426 3419 470 3490 (li
487 3421 517 3490 d)
538 3419 674 3473 statutum
690 3417 771 3471 nidi
844 3424 878 3472 23
898 3417 1003 3472 assidui
1020 3417 1099 3474 aner.
1128 3417 1175 3472 ad-

162 3491 243 3546 sidua
260 3509 283 3546 r.
374 3497 409 3546 24
432 3489 613 3546 auctoritates
631 3496 661 3543 1).
695 3490 734 3543 -ie
753 3493 799 3542 ad.
826 3489 830 3558 l
853 3489 929 3544 foras
952 3488 1032 3542 alde.
1070 3488 1119 3541 -ris
1138 3488 1175 3540 ⁸¹.

1 3539 2 3590 l
112 3627 117 3632 Ι
163 3575 219 3616 -res
237 3563 290 3631 rel
314 3563 470 3633 migraturo
489 3566 534 3616 dv.
562 3562 619 3615 -1111
637 3577 659 3614 r·
742 3564 775 3614 28
795 3574 921 3628 quaeque
940 3575 964 3614 v·
992 3559 1079 3625 q3‘11·
1109 3573 1176 3622 ‘1¹¹⁰'

163 3649 258 3700 quer.
284 3635 288 3701 Ι
313 3636 343 3688 et
360 3637 426 3690 ado.
454 3649 505 3688 om.
524 3649 547 3687 r.
