2606 3952
226 145 291 212 406
545 160 548 168 ’
572 148 721 204 expanti
739 145 909 205 suenum.

224 298 374 378 accipiunt
406 307 436 358 et
468 315 537 358 oum
568 299 751 359 venientium
775 299 855 360 llore
888 307 1109 383 maturescunt,
1148 305 1241 366 alieno

223 404 384 467 praecoces
407 405 494 468 anno,
516 388 547 447 in
570 395 669 449 tractu
693 387 739 448 vel
761 387 953 466 gelidissimo.

172 480 207 528 ‘14
292 469 367 558 (20)
399 475 458 536 Sed
482 493 499 535 a
523 473 657 537 Catone
683 476 829 557 appellata
850 479 914 539 'iam
941 486 1006 540 tum
1028 481 1164 542 hiricana
1191 483 1241 544 ad-

224 572 325 626 monet
343 564 460 628 Africae
479 565 516 626 ad
539 567 645 644 ingane
664 565 878 628 documentum
901 569 949 628 uei
972 585 1009 629 eo
1031 584 1130 649 pomo.
1160 585 1239 632 nam-

222 671 280 733 que
303 653 458 733 perniciali
480 653 548 714 odio
572 653 757 734 Carthaginis
777 653 908 735 *flagrans
931 665 1134 738 nepotumque
1158 672 1262 722 secu-5

221 745 318 804 ritatis
350 745 471 825 anxius,
508 759 577 804 cum
609 743 750 804 clamarat
782 747 864 805 omni
896 753 1002 807 senatu
1035 745 1240 828 Carthaginem

221 832 389 914 delendam,
412 832 511 894 attulit
533 832 662 912 quodam
684 831 733 894 die
756 835 786 894 in
810 835 925 895 cumam
947 835 1121 914 praecocem
1143 851 1179 897 ex
1202 857 1236 898 ea

220 923 373 1001 provincia
401 923 491 983 horim
522 922 744 1002 ostendensque
770 921 920 1002 patribus:
948 923 1137 1004 lnterrogo
1163 943 1237 1008 vos,

220 1013 330 1092 inquit,
365 1010 507 1090 quando
537 1011 626 1071 hane
655 1027 797 1090 pomum
826 1011 1002 1092 demptam
1024 1017 1169 1094 'putetis
1199 1035 1238 1076 ox

169 1101 202 1152 ⁷5
220 1097 358 1162 arbore.
404 1115 474 1161 cum
496 1101 576 1161 inter
598 1117 702 1161 omnes
725 1107 879 1161 recentem
903 1117 969 1162 esse
992 1101 1160 1164 constaret:
1182 1104 1267 1165 alt-1⁰

222 1193 282 1269 qui
310 1191 473 1270 tertium,
500 1191 610 1270 inquit,
641 1197 722 1251 ante
753 1189 846 1250 diem
876 1192 1007 1252 scitote
1031 1191 1235 1272 decerptam

221 1277 446 1358 Carthagine.
481 1285 552 1338 tam
574 1295 686 1358 prope
710 1295 727 1338 a
749 1279 883 1339 moeris
899 1278 1072 1341 habemus
1090 1281 1236 1344 hostem.

220 1369 380 1447 statimque
399 1374 551 1447 sumptum
575 1374 621 1428 est
639 1365 786 1429 Punicum
808 1369 934 1430 tertium
955 1367 1067 1430 bellum
1090 1385 1151 1448 quo
1170 1369 1237 1431 Car-

220 1457 308 1536 thago
332 1456 428 1518 deleta
451 1463 506 1537 ost,
530 1471 708 1536 quamquam
730 1455 841 1518 Catone
864 1475 943 1519 anno
971 1465 1117 1537 aequente
1146 1467 1236 1539 rapto.

220 1545 292 1625 quid
310 1545 441 1624 prlmum
459 1547 490 1605 in
508 1561 544 1606 eo
567 1547 721 1626 mIrcnaur,
744 1561 847 1606 curam
870 1547 1032 1626 ingeni-au
1050 1549 1267 1609 occasionemn

220 1635 388 1714 tertullum,
425 1633 669 1714 celeritatemque
701 1651 810 1695 cursus
835 1633 879 1694 'an
911 1634 1130 1697 vehementiam
1160 1633 1236 1698 viril

168 1728 201 1778 ⁷6
220 1739 311 1803 super
334 1724 433 1783 omnia
456 1731 510 1804 est,
534 1738 594 1802 quo
617 1722 691 1784 nihil
713 1723 851 1803 equidem
875 1723 955 1784 duco
976 1723 1151 1808 mirabilius,
1174 1733 1235 1786 tan-

219 1819 279 1874 tam
309 1811 389 1872 illam
417 1811 524 1873 urbem
554 1820 584 1872 et
614 1811 650 1873 da
680 1819 830 1874 ternarum
859 1811 932 1873 orbe
962 1831 1017 1892 per
1039 1821 1112 1874 dxx
1141 1831 1235 1876 annos

220 1901 365 1963 aemulam
382 1903 472 1963 unius
491 1897 572 1982 pomi
590 1911 765 1981 argumento
783 1911 928 1981 eversam,
951 1901 1032 1982 quod
1050 1919 1108 1978 non
1126 1901 1237 1963 lichia

219 1999 270 2052 aut
293 1989 498 2071 Trasimenus,
526 2008 586 2051 non
609 1989 726 2051 Cannae
749 1989 838 2052 husto
861 1989 987 2050 Romani
1013 1993 1140 2052 nominis
1164 2009 1236 2070 per·
1250 2001 1270 2040 ²⁰

218 2077 309 2140 ficare
339 2075 482 2160 ‘potuere,
519 2095 580 2139 non
613 2087 708 2140 castra
741 2078 854 2140 Punica
886 2079 922 2140 ad
954 2081 1077 2140 tertium
1109 2079 1237 2160 lapidem

219 2169 323 2230 vallata
344 2173 509 2248 portaeque
528 2167 658 2228 Collinae
682 2165 857 2247 adequitans
879 2170 943 2247 ipse
963 2167 1118 2230 Hannibal.
1155 2175 1236 2230 tanto

218 2260 343 2339 propius
368 2256 576 2336 Carthaginem
597 2274 687 2337 pomo
711 2255 782 2318 Cato
806 2255 943 2318 admovit.

168 2353 201 2402 7⁷
288 2346 402 2408 Colitur
430 2347 506 2406 fieus
536 2345 626 2407 arbor
655 2347 686 2406 in
717 2345 781 2406 loro
811 2345 878 2424 ipso
912 2363 957 2406 ac·
976 2347 1098 2407 comitio
1127 2344 1238 2406 Romae

219 2443 297 2518 nata,
319 2451 407 2496 sacra
425 2433 595 2514 fulguribus
611 2433 654 2496 ibi
677 2435 804 2496 conditis
827 2433 979 2514 magisque
1003 2431 1041 2495 oh
1064 2434 1270 2496 memoriane

220 2527 285 2587 eiua
315 2541 390 2604 quae
419 2526 520 2586 nutrix
548 2523 666 2584 Romuli
694 2541 728 2584 ac
756 2523 842 2584 Remi
868 2523 1034 2584 conditoris
1060 2524 1182 2602 imperii
1209 2525 1241 2582 in

219 2613 377 2694 Lupercali
395 2615 490 2694 prima
507 2615 647 2693 protexit,
669 2613 823 2704 ruminalis
842 2611 995 2696 appellata,
1018 2614 1159 2692 quoniam
1183 2611 1240 2672 sub

291 2856 453 2912 defricatae
469 2860 526 2909 lo.
559 2871 634 2910 -cam
652 2871 675 2908 r.
784 2852 924 2908 autricae
943 2859 977 2909 Ι.
1011 2855 1041 2908 et
1057 2851 1112 2908 uir·
1132 2853 1241 2909 rodel.

220 2929 293 2983 Doti.
310 2929 314 2997 Ι
330 2928 374 2982 uei
387 2932 442 2984 la.
468 2943 520 2981 uso
533 2941 558 2982 a.
620 2925 649 2980 'd
663 2923 812 2995 perniciali
825 2929 872 2979 du.
894 2925 1009 3008 permiti·
1023 2923 1087 2977 iila.
1111 2925 1242 2995 permiti-

219 3000 282 3055 11¹0.
311 2997 502 3069 permitti-1.
575 2995 794 3065 ,9ἱῃᾳιιίῡ1υ.
826 2996 925 3065 inquid
942 2995 986 3050 θ’.
1013 2995 1126 3050 iurauit
1146 3013 1171 3052 r.

222 3077 254 3126 tn
273 3071 376 3126 moenia
394 3069 510 3123 wod.
538 3067 656 3123 moeniis
674 3066 739 3124 1t⁹a.
767 3067 855 3122 munia
872 3085 897 3124 o.
974 3072 1008 3121 1⁶
1026 3067 1058 3120 in
1074 3083 1120 3123 ro.
1150 3065 1188 3121 sit
1205 3070 1240 3118 Ι.

293 3147 327 3198 tt
345 3140 471 3196 mirabili
483 3141 579 3195 udilo.
652 3143 694 3194 li.
707 3143 738 3193 18
757 3140 868 3194 daniam
881 3143 938 3193 lo.
965 3141 1062 3195 tama.
1139 3142 1172 3192 18
1190 3151 1242 3205 per

220 3231 271 3271 om.
285 3218 320 3267 Η.
393 3219 426 3266 23
446 3210 574 3266 admouit
590 3210 702 3266 madet.
731 3210 824 3265 -onuit
837 3227 860 3265 r.
888 3209 960 3265 adiri
977 3209 1090 3264 monuit
1107 3209 1245 3264 ccidente

221 3285 280 3338 Gal.
326 3302 329 3306 ·
381 3284 418 3338 24
434 3288 497 3351 poet
514 3282 622 3338 Romae
640 3282 850 3350 mucronata.
952 3283 986 3335 td
1006 3294 1088 3336 secra
1107 3280 1246 3336 eddom

220 3353 384 3409 Honesta.
413 3371 456 3409 ·ro
470 3353 596 3410 thord.
612 3355 617 3421 Ι
632 3351 791 3423 fulguribus
809 3356 857 3410 dv.
885 3351 1011 3423 -goribus
1024 3368 1048 3406 r.
1120 3356 1158 3407 ie
1177 3365 1246 3404 eon-

220 3425 343 3480 ditorum
367 3424 652 3493 Url.chreat.p.194.
684 3440 718 3479 ac
736 3423 819 3479 Remi
836 3425 916 3479 uncie
933 3423 1048 3478 includi
1066 3423 1167 3478 quat.
1194 3422 1248 3476 sed

221 3495 373 3550 conditoria
390 3495 503 3564 imperii
520 3493 612 3564 prima
629 3497 675 3564 (τε
688 3494 781 3564 initia)
799 3495 941 3566 duapondo
954 3494 1090 3549 uidentur.
1105 3494 1111 3561 l
1124 3491 1250 3564 imperii

220 3570 297 3618 —at
320 3565 444 3633 protexit
461 3565 565 3620 Mill.
594 3579 703 3620 onaan.
813 3572 847 3622 2⁷
870 3565 1017 3620 ruminalis
1038 3566 1116 3620 Brut.
1140 3579 1180 3619 a
1206 3565 1248 3619 ed.

217 3635 309 3698 princ.
342 3635 416 3687 -ielis
434 3635 471 3686 „a
484 3651 534 3690 ont.
549 3637 633 3692 redd.
644 3635 796 3703 anteBrot.
