<?xml version="1.0" encoding="UTF-8"?>
<!DOCTYPE html PUBLIC "-//W3C//DTD XHTML 1.0 Transitional//EN"
    "http://www.w3.org/TR/xhtml1/DTD/xhtml1-transitional.dtd">
<html xmlns="http://www.w3.org/1999/xhtml" xml:lang="en" lang="en">
 <head>
  <title>
</title>
<meta http-equiv="Content-Type" content="text/html;charset=utf-8" />
  <meta name='ocr-system' content='tesseract 3.04.00' />
  <meta name='ocr-capabilities' content='ocr_page ocr_carea ocr_par ocr_line ocrx_word'/>
</head>
<body>
  <div class='ocr_page' id='page_1' title='image "./cplinisecundina02mayhgoog_0106.png"; bbox 0 0 2620 3948; ppageno 0'>
   <div class='ocr_carea' id='block_1_1' title="bbox 261 129 1084 212">
    <p class='ocr_par' dir='ltr' id='par_1_1' title="bbox 261 129 1084 212">
     <span class='ocr_line' id='line_1_1' title="bbox 261 129 1084 212; baseline 0.011 -28"><span class='ocrx_word' id='word_1_1' title='bbox 261 207 266 212; x_wconf 26' lang='lat'>‚</span> <span class='ocrx_word' id='word_1_2' title='bbox 321 129 835 203; x_wconf 78' lang='grc' dir='ltr'><strong>1111.11111,11111-1ο(1-11)</strong></span> <span class='ocrx_word' id='word_1_3' title='bbox 1043 136 1084 200; x_wconf 84' lang='lat'>61</span> 
     </span>
    </p>
   </div>
   <div class='ocr_carea' id='block_1_2' title="bbox 26 279 1171 3118">
    <p class='ocr_par' dir='ltr' id='par_1_2' title="bbox 26 279 1171 3118">
     <span class='ocr_line' id='line_1_2' title="bbox 73 279 1085 362; baseline 0.004 -22"><span class='ocrx_word' id='word_1_4' title='bbox 73 279 212 341; x_wconf 89' lang='lat' dir='ltr'>henditnr</span> <span class='ocrx_word' id='word_1_5' title='bbox 241 279 346 362; x_wconf 75' lang='lat' dir='ltr'>casada,</span> <span class='ocrx_word' id='word_1_6' title='bbox 378 279 470 360; x_wconf 91' lang='lat' dir='ltr'>pedes</span> <span class='ocrx_word' id='word_1_7' title='bbox 499 283 647 360; x_wconf 80' lang='lat' dir='ltr'><strong>stipantur</strong></span> <span class='ocrx_word' id='word_1_8' title='bbox 674 283 705 341; x_wconf 92' lang='lat' dir='ltr'>in</span> <span class='ocrx_word' id='word_1_9' title='bbox 733 284 855 343; x_wconf 91' lang='lat' dir='ltr'>sinistro</span> <span class='ocrx_word' id='word_1_10' title='bbox 883 284 1000 344; x_wconf 89' lang='lat' dir='ltr'>lemine.</span> <span class='ocrx_word' id='word_1_11' title='bbox 1045 287 1085 345; x_wconf 89' lang='lat' dir='ltr'>ita</span> 
     </span>
     <span class='ocr_line' id='line_1_3' title="bbox 72 369 1085 453; baseline 0.004 -24"><span class='ocrx_word' id='word_1_12' title='bbox 72 369 205 448; x_wconf 88' lang='lat' dir='ltr'>pendens</span> <span class='ocrx_word' id='word_1_13' title='bbox 232 370 358 430; x_wconf 88' lang='lat' dir='ltr'>alterurn</span> <span class='ocrx_word' id='word_1_14' title='bbox 380 369 523 448; x_wconf 84' lang='lat' dir='ltr'>poplitem</span> <span class='ocrx_word' id='word_1_15' title='bbox 551 370 655 430; x_wconf 83' lang='lat' dir='ltr'>dextra</span> <span class='ocrx_word' id='word_1_16' title='bbox 682 371 778 431; x_wconf 91' lang='lat' dir='ltr'>caedit</span> <span class='ocrx_word' id='word_1_17' title='bbox 805 390 839 431; x_wconf 94' lang='lat' dir='ltr'>ac</span> <span class='ocrx_word' id='word_1_18' title='bbox 861 380 1020 453; x_wconf 89' lang='lat' dir='ltr'>praeacuta</span> <span class='ocrx_word' id='word_1_19' title='bbox 1042 373 1085 433; x_wconf 93' lang='lat' dir='ltr'>hi·</span> 
     </span>
     <span class='ocr_line' id='line_1_4' title="bbox 71 457 1086 541; baseline 0.004 -23"><span class='ocrx_word' id='word_1_20' title='bbox 71 461 161 537; x_wconf 91' lang='lat' dir='ltr'>penni</span> <span class='ocrx_word' id='word_1_21' title='bbox 179 458 237 519; x_wconf 91' lang='lat' dir='ltr'>hoc</span> <span class='ocrx_word' id='word_1_22' title='bbox 261 477 348 520; x_wconf 91' lang='lat' dir='ltr'>crure</span> <span class='ocrx_word' id='word_1_23' title='bbox 367 457 483 518; x_wconf 90' lang='lat' dir='ltr'>tardato</span> <span class='ocrx_word' id='word_1_24' title='bbox 501 460 676 539; x_wconf 81' lang='lat' dir='ltr'><strong>profugiens</strong></span> <span class='ocrx_word' id='word_1_25' title='bbox 694 459 816 521; x_wconf 89' lang='lat' dir='ltr'>alterius</span> <span class='ocrx_word' id='word_1_26' title='bbox 834 461 954 541; x_wconf 91' lang='lat' dir='ltr'>poplitis</span> <span class='ocrx_word' id='word_1_27' title='bbox 978 479 1086 524; x_wconf 86' lang='lat' dir='ltr'>nervos</span> 
     </span>
     <span class='ocr_line' id='line_1_5' title="bbox 72 548 1171 630; baseline 0.007 -23"><span class='ocrx_word' id='word_1_28' title='bbox 72 548 154 628; x_wconf 87' lang='lat' dir='ltr'>ierit,</span> <span class='ocrx_word' id='word_1_29' title='bbox 182 555 292 608; x_wconf 91' lang='lat' dir='ltr'>cuncta</span> <span class='ocrx_word' id='word_1_30' title='bbox 313 548 478 628; x_wconf 80' lang='lat' dir='ltr'>praeceleri</span> <span class='ocrx_word' id='word_1_31' title='bbox 503 551 680 628; x_wconf 77' lang='lat' dir='ltr'>pernicitate</span> <span class='ocrx_word' id='word_1_32' title='bbox 703 568 857 630; x_wconf 82' lang='lat' dir='ltr'>peragens,</span> <span class='ocrx_word' id='word_1_33' title='bbox 903 553 952 612; x_wconf 95' lang='lat' dir='ltr'>alii</span> <span class='ocrx_word' id='word_1_34' title='bbox 974 555 1085 614; x_wconf 90' lang='lat' dir='ltr'>tutiore</span> <span class='ocrx_word' id='word_1_35' title='bbox 1169 593 1171 598; x_wconf 34' lang='grc' dir='ltr'><em>ι</em></span> 
     </span>
     <span class='ocr_line' id='line_1_6' title="bbox 47 636 1086 722; baseline 0.01 -28"><span class='ocrx_word' id='word_1_36' title='bbox 47 651 189 718; x_wconf 79' lang='lat' dir='ltr'>agenere‚</span> <span class='ocrx_word' id='word_1_37' title='bbox 213 637 265 698; x_wconf 92' lang='lat' dir='ltr'>sed</span> <span class='ocrx_word' id='word_1_38' title='bbox 288 638 381 716; x_wconf 89' lang='lat' dir='ltr'>magis</span> <span class='ocrx_word' id='word_1_39' title='bbox 404 636 507 719; x_wconf 81' lang='lat' dir='ltr'>fallaci,</span> <span class='ocrx_word' id='word_1_40' title='bbox 530 640 667 717; x_wconf 82' lang='lat' dir='ltr'>ingentes</span> <span class='ocrx_word' id='word_1_41' title='bbox 690 657 778 700; x_wconf 89' lang='lat' dir='ltr'>arcus</span> <span class='ocrx_word' id='word_1_42' title='bbox 800 642 931 702; x_wconf 90' lang='lat' dir='ltr'>intentos</span> <span class='ocrx_word' id='word_1_43' title='bbox 955 643 1086 722; x_wconf 86' lang='lat' dir='ltr'>defigunt</span> 
     </span>
     <span class='ocr_line' id='line_1_7' title="bbox 71 725 1086 812; baseline 0.007 -28"><span class='ocrx_word' id='word_1_44' title='bbox 71 725 153 786; x_wconf 92' lang='lat' dir='ltr'>humi</span> <span class='ocrx_word' id='word_1_45' title='bbox 171 725 297 805; x_wconf 90' lang='lat' dir='ltr'>longius.</span> <span class='ocrx_word' id='word_1_46' title='bbox 329 725 384 786; x_wconf 90' lang='lat' dir='ltr'>hos</span> <span class='ocrx_word' id='word_1_47' title='bbox 402 729 556 806; x_wconf 80' lang='lat' dir='ltr'>praecipui</span> <span class='ocrx_word' id='word_1_48' title='bbox 574 726 686 788; x_wconf 89' lang='lat' dir='ltr'>ririhus</span> <span class='ocrx_word' id='word_1_49' title='bbox 709 729 832 789; x_wconf 87' lang='lat' dir='ltr'>iuvenes</span> <span class='ocrx_word' id='word_1_50' title='bbox 852 733 1014 812; x_wconf 77' lang='lat' dir='ltr'>continent,</span> <span class='ocrx_word' id='word_1_51' title='bbox 1037 732 1086 791; x_wconf 85' lang='lat' dir='ltr'>alii</span> 
     </span>
     <span class='ocr_line' id='line_1_8' title="bbox 72 815 1085 898; baseline 0.007 -24"><span class='ocrx_word' id='word_1_52' title='bbox 72 816 169 875; x_wconf 84' lang='lat' dir='ltr'>conixi</span> <span class='ocrx_word' id='word_1_53' title='bbox 191 817 257 894; x_wconf 89' lang='lat' dir='ltr'>pari</span> <span class='ocrx_word' id='word_1_54' title='bbox 280 821 388 876; x_wconf 90' lang='lat' dir='ltr'>conatu</span> <span class='ocrx_word' id='word_1_55' title='bbox 411 815 595 879; x_wconf 88' lang='lat' dir='ltr'>contendunt</span> <span class='ocrx_word' id='word_1_56' title='bbox 622 835 655 876; x_wconf 89' lang='lat' dir='ltr'>ac</span> <span class='ocrx_word' id='word_1_57' title='bbox 678 818 939 896; x_wconf 87' lang='lat' dir='ltr'>praetereuntibus</span> <span class='ocrx_word' id='word_1_58' title='bbox 967 823 1085 898; x_wconf 89' lang='lat' dir='ltr'>sagitta·</span> 
     </span>
     <span class='ocr_line' id='line_1_9' title="bbox 71 904 1054 987; baseline 0.008 -24"><span class='ocrx_word' id='word_1_59' title='bbox 71 922 138 964; x_wconf 88' lang='lat' dir='ltr'>rum</span> <span class='ocrx_word' id='word_1_60' title='bbox 160 904 304 966; x_wconf 87' lang='lat' dir='ltr'>venabula</span> <span class='ocrx_word' id='word_1_61' title='bbox 326 905 465 987; x_wconf 82' lang='lat' dir='ltr'>infigunt,</span> <span class='ocrx_word' id='word_1_62' title='bbox 489 926 557 967; x_wconf 84' lang='lat' dir='ltr'>mox</span> <span class='ocrx_word' id='word_1_63' title='bbox 580 907 733 985; x_wconf 89' lang='lat' dir='ltr'>sanguinis</span> <span class='ocrx_word' id='word_1_64' title='bbox 755 909 880 986; x_wconf 86' lang='lat' dir='ltr'>vestigia</span> <span class='ocrx_word' id='word_1_65' title='bbox 902 918 1054 971; x_wconf 88' lang='lat' dir='ltr'>secuntur.</span> 
     </span>
     <span class='ocr_line' id='line_1_10' title="bbox 137 987 1138 1077; baseline 0.011 -24"><span class='ocrx_word' id='word_1_66' title='bbox 137 987 172 1055; x_wconf 83' lang='lat'>9.</span> <span class='ocrx_word' id='word_1_67' title='bbox 188 987 240 1076; x_wconf 86' lang='lat'>(9)</span> <span class='ocrx_word' id='word_1_68' title='bbox 263 993 496 1074; x_wconf 88' lang='lat' dir='ltr'>Elephantorum</span> <span class='ocrx_word' id='word_1_69' title='bbox 513 997 633 1074; x_wconf 91' lang='lat' dir='ltr'>generis</span> <span class='ocrx_word' id='word_1_70' title='bbox 651 996 777 1057; x_wconf 80' lang='lat' dir='ltr'>feminae</span> <span class='ocrx_word' id='word_1_71' title='bbox 798 997 892 1057; x_wconf 90' lang='lat' dir='ltr'>multo</span> <span class='ocrx_word' id='word_1_72' title='bbox 911 999 1084 1077; x_wconf 86' lang='lat' dir='ltr'>pavidiores.</span> <span class='ocrx_word' id='word_1_73' title='bbox 1105 1016 1138 1064; x_wconf 78' lang='lat'>27</span> 
     </span>
     <span class='ocr_line' id='line_1_11' title="bbox 34 1083 1086 1166; baseline 0.008 -26"><span class='ocrx_word' id='word_1_74' title='bbox 34 1103 58 1141; x_wconf 88' lang='lat'>10</span> <span class='ocrx_word' id='word_1_75' title='bbox 70 1083 229 1144; x_wconf 89' lang='lat' dir='ltr'>domantur</span> <span class='ocrx_word' id='word_1_76' title='bbox 247 1091 346 1144; x_wconf 91' lang='lat' dir='ltr'>autem</span> <span class='ocrx_word' id='word_1_77' title='bbox 369 1083 465 1144; x_wconf 91' lang='lat' dir='ltr'>rahidi</span> <span class='ocrx_word' id='word_1_78' title='bbox 483 1085 559 1145; x_wconf 89' lang='lat' dir='ltr'>lame</span> <span class='ocrx_word' id='word_1_79' title='bbox 583 1092 614 1146; x_wconf 90' lang='lat' dir='ltr'>et</span> <span class='ocrx_word' id='word_1_80' title='bbox 631 1084 815 1166; x_wconf 87' lang='lat' dir='ltr'>verberibus,</span> <span class='ocrx_word' id='word_1_81' title='bbox 839 1085 1003 1166; x_wconf 90' lang='lat' dir='ltr'>elephantis</span> <span class='ocrx_word' id='word_1_82' title='bbox 1022 1088 1086 1148; x_wconf 90' lang='lat' dir='ltr'>aliis</span> 
     </span>
     <span class='ocr_line' id='line_1_12' title="bbox 70 1172 1112 1252; baseline 0.003 -18"><span class='ocrx_word' id='word_1_83' title='bbox 70 1173 197 1234; x_wconf 91' lang='lat' dir='ltr'>admotis</span> <span class='ocrx_word' id='word_1_84' title='bbox 215 1175 267 1252; x_wconf 90' lang='lat' dir='ltr'>qui</span> <span class='ocrx_word' id='word_1_85' title='bbox 284 1172 516 1234; x_wconf 87' lang='lat' dir='ltr'>tumultuantem</span> <span class='ocrx_word' id='word_1_86' title='bbox 534 1176 646 1234; x_wconf 88' lang='lat' dir='ltr'>catenis</span> <span class='ocrx_word' id='word_1_87' title='bbox 665 1182 831 1234; x_wconf 87' lang='lat' dir='ltr'>coerceant.</span> <span class='ocrx_word' id='word_1_88' title='bbox 860 1182 890 1235; x_wconf 92' lang='lat' dir='ltr'>et</span> <span class='ocrx_word' id='word_1_89' title='bbox 912 1175 983 1236; x_wconf 90' lang='lat' dir='ltr'>alias</span> <span class='ocrx_word' id='word_1_90' title='bbox 1007 1179 1086 1236; x_wconf 89' lang='lat' dir='ltr'>circa</span> <span class='ocrx_word' id='word_1_91' title='bbox 1108 1245 1112 1252; x_wconf 30' lang='lat'><strong>¹</strong></span> 
     </span>
     <span class='ocr_line' id='line_1_13' title="bbox 71 1262 1084 1326; baseline 0.002 -4"><span class='ocrx_word' id='word_1_92' title='bbox 71 1264 167 1323; x_wconf 86' lang='lat' dir='ltr'>coitus</span> <span class='ocrx_word' id='word_1_93' title='bbox 185 1263 310 1324; x_wconf 85' lang='lat' dir='ltr'>maxime</span> <span class='ocrx_word' id='word_1_94' title='bbox 330 1262 492 1322; x_wconf 84' lang='lat' dir='ltr'>efferantur</span> <span class='ocrx_word' id='word_1_95' title='bbox 510 1271 541 1324; x_wconf 93' lang='lat' dir='ltr'>et</span> <span class='ocrx_word' id='word_1_96' title='bbox 559 1262 673 1324; x_wconf 83' lang='lat' dir='ltr'>stabula</span> <span class='ocrx_word' id='word_1_97' title='bbox 691 1262 833 1324; x_wconf 91' lang='lat' dir='ltr'>lndorum</span> <span class='ocrx_word' id='word_1_98' title='bbox 852 1263 991 1326; x_wconf 84' lang='lat' dir='ltr'>dentibus</span> <span class='ocrx_word' id='word_1_99' title='bbox 1010 1273 1084 1326; x_wconf 88' lang='lat' dir='ltr'>stor-</span> 
     </span>
     <span class='ocr_line' id='line_1_14' title="bbox 70 1353 1085 1434; baseline 0.003 -24"><span class='ocrx_word' id='word_1_100' title='bbox 70 1357 154 1411; x_wconf 86' lang='lat' dir='ltr'>nunt</span> <span class='ocrx_word' id='word_1_101' title='bbox 183 1359 365 1430; x_wconf 89' lang='lat' dir='ltr'>quapropter</span> <span class='ocrx_word' id='word_1_102' title='bbox 388 1359 492 1412; x_wconf 90' lang='lat' dir='ltr'>arcent</span> <span class='ocrx_word' id='word_1_103' title='bbox 514 1370 565 1412; x_wconf 92' lang='lat' dir='ltr'>eos</span> <span class='ocrx_word' id='word_1_104' title='bbox 589 1355 670 1413; x_wconf 90' lang='lat' dir='ltr'>coitu</span> <span class='ocrx_word' id='word_1_105' title='bbox 687 1353 923 1431; x_wconf 77' lang='lat' dir='ltr'>feminarumque</span> <span class='ocrx_word' id='word_1_106' title='bbox 947 1356 1085 1434; x_wconf 90' lang='lat' dir='ltr'>pecuaria</span> 
     </span>
     <span class='ocr_line' id='line_1_15' title="bbox 70 1440 1085 1520; baseline 0.002 -21"><span class='ocrx_word' id='word_1_107' title='bbox 70 1447 320 1520; x_wconf 78' lang='lat' dir='ltr'>separant‚=qnae</span> <span class='ocrx_word' id='word_1_108' title='bbox 341 1440 420 1500; x_wconf 92' lang='lat' dir='ltr'>haud</span> <span class='ocrx_word' id='word_1_109' title='bbox 444 1440 499 1501; x_wconf 91' lang='lat' dir='ltr'>alio</span> <span class='ocrx_word' id='word_1_110' title='bbox 522 1441 611 1501; x_wconf 92' lang='lat' dir='ltr'>modo</span> <span class='ocrx_word' id='word_1_111' title='bbox 634 1459 722 1519; x_wconf 91' lang='lat' dir='ltr'>quam</span> <span class='ocrx_word' id='word_1_112' title='bbox 746 1450 949 1502; x_wconf 87' lang='lat' dir='ltr'>armentorum</span> <span class='ocrx_word' id='word_1_113' title='bbox 966 1442 1085 1503; x_wconf 89' lang='lat' dir='ltr'>hahent.</span> 
     </span>
     <span class='ocr_line' id='line_1_16' title="bbox 33 1528 1085 1612; baseline 0.007 -28"><span class='ocrx_word' id='word_1_114' title='bbox 33 1530 174 1592; x_wconf 68' lang='lat' dir='ltr'>redomiti</span> <span class='ocrx_word' id='word_1_115' title='bbox 206 1528 333 1590; x_wconf 89' lang='lat' dir='ltr'>militant</span> <span class='ocrx_word' id='word_1_116' title='bbox 368 1537 399 1590; x_wconf 93' lang='lat' dir='ltr'>et</span> <span class='ocrx_word' id='word_1_117' title='bbox 430 1538 530 1590; x_wconf 91' lang='lat' dir='ltr'>turres</span> <span class='ocrx_word' id='word_1_118' title='bbox 562 1537 743 1590; x_wconf 89' lang='lat' dir='ltr'>armatorum</span> <span class='ocrx_word' id='word_1_119' title='bbox 779 1533 810 1590; x_wconf 93' lang='lat' dir='ltr'>in</span> <span class='ocrx_word' id='word_1_120' title='bbox 842 1530 944 1592; x_wconf 88' lang='lat' dir='ltr'>hostes</span> <span class='ocrx_word' id='word_1_121' title='bbox 976 1532 1085 1612; x_wconf 84' lang='lat' dir='ltr'>lerunt,</span> 
     </span>
     <span class='ocr_line' id='line_1_17' title="bbox 68 1617 1087 1698; baseline 0.001 -20"><span class='ocrx_word' id='word_1_122' title='bbox 68 1636 233 1697; x_wconf 88' lang='lat' dir='ltr'>magnaque</span> <span class='ocrx_word' id='word_1_123' title='bbox 261 1637 298 1678; x_wconf 83' lang='lat' dir='ltr'>ex</span> <span class='ocrx_word' id='word_1_124' title='bbox 320 1625 405 1698; x_wconf 89' lang='lat' dir='ltr'>parte</span> <span class='ocrx_word' id='word_1_125' title='bbox 428 1619 553 1680; x_wconf 91' lang='lat' dir='ltr'>orientis</span> <span class='ocrx_word' id='word_1_126' title='bbox 575 1617 653 1679; x_wconf 90' lang='lat' dir='ltr'>bella</span> <span class='ocrx_word' id='word_1_127' title='bbox 675 1618 845 1679; x_wconf 88' lang='lat' dir='ltr'>conficiunt.</span> <span class='ocrx_word' id='word_1_128' title='bbox 891 1627 1087 1698; x_wconf 85' lang='lat' dir='ltr'>prosternunt</span> 
     </span>
     <span class='ocr_line' id='line_1_18' title="bbox 69 1706 1084 1786; baseline 0.002 -20"><span class='ocrx_word' id='word_1_129' title='bbox 69 1708 161 1786; x_wconf 89' lang='lat' dir='ltr'>acies,</span> <span class='ocrx_word' id='word_1_130' title='bbox 184 1714 344 1786; x_wconf 88' lang='lat' dir='ltr'>proterunt</span> <span class='ocrx_word' id='word_1_131' title='bbox 367 1714 503 1767; x_wconf 88' lang='lat' dir='ltr'>armatos.</span> <span class='ocrx_word' id='word_1_132' title='bbox 533 1706 624 1768; x_wconf 90' lang='lat' dir='ltr'>iidem</span> <span class='ocrx_word' id='word_1_133' title='bbox 646 1709 768 1768; x_wconf 88' lang='lat' dir='ltr'>minimo</span> <span class='ocrx_word' id='word_1_134' title='bbox 792 1710 855 1768; x_wconf 91' lang='lat' dir='ltr'>suis</span> <span class='ocrx_word' id='word_1_135' title='bbox 879 1709 1006 1769; x_wconf 88' lang='lat' dir='ltr'>stridore</span> <span class='ocrx_word' id='word_1_136' title='bbox 1025 1717 1084 1770; x_wconf 91' lang='lat' dir='ltr'>ter-</span> 
     </span>
     <span class='ocr_line' id='line_1_19' title="bbox 68 1795 1085 1875; baseline 0.004 -21"><span class='ocrx_word' id='word_1_137' title='bbox 68 1802 175 1855; x_wconf 88' lang='lat' dir='ltr'>rentur</span> <span class='ocrx_word' id='word_1_138' title='bbox 202 1795 408 1875; x_wconf 89' lang='lat' dir='ltr'>rulneratiquc</span> <span class='ocrx_word' id='word_1_139' title='bbox 436 1804 466 1857; x_wconf 88' lang='lat' dir='ltr'>et</span> <span class='ocrx_word' id='word_1_140' title='bbox 488 1797 587 1856; x_wconf 91' lang='lat' dir='ltr'>territi</span> <span class='ocrx_word' id='word_1_141' title='bbox 613 1803 696 1855; x_wconf 92' lang='lat' dir='ltr'>retro</span> <span class='ocrx_word' id='word_1_142' title='bbox 724 1813 842 1875; x_wconf 84' lang='lat' dir='ltr'>semper</span> <span class='ocrx_word' id='word_1_143' title='bbox 871 1797 981 1858; x_wconf 91' lang='lat' dir='ltr'>cedunt</span> <span class='ocrx_word' id='word_1_144' title='bbox 1006 1798 1085 1858; x_wconf 94' lang='lat' dir='ltr'>haud</span> 
     </span>
     <span class='ocr_line' id='line_1_20' title="bbox 67 1884 1085 1965; baseline 0.002 -21"><span class='ocrx_word' id='word_1_145' title='bbox 67 1886 184 1944; x_wconf 88' lang='lat' dir='ltr'>minore</span> <span class='ocrx_word' id='word_1_146' title='bbox 211 1887 342 1963; x_wconf 89' lang='lat' dir='ltr'>partium</span> <span class='ocrx_word' id='word_1_147' title='bbox 370 1903 491 1946; x_wconf 90' lang='lat' dir='ltr'>suarum</span> <span class='ocrx_word' id='word_1_148' title='bbox 519 1886 660 1964; x_wconf 85' lang='lat' dir='ltr'>pernicie.</span> <span class='ocrx_word' id='word_1_149' title='bbox 706 1884 842 1946; x_wconf 91' lang='lat' dir='ltr'>lndicum</span> <span class='ocrx_word' id='word_1_150' title='bbox 865 1887 956 1945; x_wconf 77' lang='lat' dir='ltr'>dirici</span> <span class='ocrx_word' id='word_1_151' title='bbox 978 1893 1085 1965; x_wconf 89' lang='lat' dir='ltr'>pavent</span> 
     </span>
     <span class='ocr_line' id='line_1_21' title="bbox 30 1971 1085 2054; baseline 0.006 -26"><span class='ocrx_word' id='word_1_152' title='bbox 30 1989 55 2027; x_wconf 79' lang='lat' dir='ltr'>sc</span> <span class='ocrx_word' id='word_1_153' title='bbox 68 1991 125 2033; x_wconf 92' lang='lat' dir='ltr'>nec</span> <span class='ocrx_word' id='word_1_154' title='bbox 149 1975 285 2034; x_wconf 88' lang='lat' dir='ltr'>contueri</span> <span class='ocrx_word' id='word_1_155' title='bbox 304 1973 426 2054; x_wconf 86' lang='lat' dir='ltr'>audent,</span> <span class='ocrx_word' id='word_1_156' title='bbox 450 1991 517 2033; x_wconf 93' lang='lat' dir='ltr'>nam</span> <span class='ocrx_word' id='word_1_157' title='bbox 541 1980 572 2032; x_wconf 93' lang='lat' dir='ltr'>et</span> <span class='ocrx_word' id='word_1_158' title='bbox 593 1975 687 2033; x_wconf 89' lang='lat' dir='ltr'>maior</span> <span class='ocrx_word' id='word_1_159' title='bbox 705 1971 815 2032; x_wconf 89' lang='lat' dir='ltr'>Indicis</span> <span class='ocrx_word' id='word_1_160' title='bbox 837 1975 1008 2052; x_wconf 89' lang='lat' dir='ltr'>magnitudo</span> <span class='ocrx_word' id='word_1_161' title='bbox 1030 1982 1085 2034; x_wconf 88' lang='lat' dir='ltr'>est.</span> 
     </span>
     <span class='ocr_line' id='line_1_22' title="bbox 137 2055 1137 2144; baseline 0.005 -24"><span class='ocrx_word' id='word_1_162' title='bbox 137 2055 196 2123; x_wconf 85' lang='lat'>10.</span> <span class='ocrx_word' id='word_1_163' title='bbox 217 2055 291 2144; x_wconf 88' lang='grc'>(10)</span> <span class='ocrx_word' id='word_1_164' title='bbox 314 2061 424 2122; x_wconf 86' lang='lat' dir='ltr'>Decem</span> <span class='ocrx_word' id='word_1_165' title='bbox 447 2064 532 2122; x_wconf 91' lang='lat' dir='ltr'>annis</span> <span class='ocrx_word' id='word_1_166' title='bbox 553 2068 669 2141; x_wconf 86' lang='lat' dir='ltr'>gestare</span> <span class='ocrx_word' id='word_1_167' title='bbox 692 2062 723 2120; x_wconf 93' lang='lat' dir='ltr'>in</span> <span class='ocrx_word' id='word_1_168' title='bbox 746 2068 833 2121; x_wconf 90' lang='lat' dir='ltr'>utero</span> <span class='ocrx_word' id='word_1_169' title='bbox 856 2061 962 2140; x_wconf 83' lang='lat' dir='ltr'>vulgus</span> <span class='ocrx_word' id='word_1_170' title='bbox 986 2064 1084 2122; x_wconf 86' lang='lat' dir='ltr'>existi·</span> <span class='ocrx_word' id='word_1_171' title='bbox 1104 2079 1137 2126; x_wconf 81' lang='lat'>28</span> 
     </span>
     <span class='ocr_line' id='line_1_23' title="bbox 67 2148 1085 2230; baseline -0.003 -19"><span class='ocrx_word' id='word_1_172' title='bbox 67 2157 138 2230; x_wconf 74' lang='lat' dir='ltr'>mat,</span> <span class='ocrx_word' id='word_1_173' title='bbox 157 2150 378 2211; x_wconf 79' lang='lat' dir='ltr'>Aristoteles</span> <span class='ocrx_word' id='word_1_174' title='bbox 396 2149 526 2230; x_wconf 84' lang='lat' dir='ltr'>hiennio,</span> <span class='ocrx_word' id='word_1_175' title='bbox 544 2168 600 2210; x_wconf 92' lang='lat' dir='ltr'>nec</span> <span class='ocrx_word' id='word_1_176' title='bbox 614 2148 740 2228; x_wconf 89' lang='lat' dir='ltr'>amplius</span> <span class='ocrx_word' id='word_1_177' title='bbox 755 2167 843 2228; x_wconf 91' lang='lat' dir='ltr'>quam</span> <span class='ocrx_word' id='word_1_178' title='bbox 858 2150 950 2209; x_wconf 90' lang='lat' dir='ltr'>semel</span> <span class='ocrx_word' id='word_1_179' title='bbox 963 2152 1085 2228; x_wconf 82' lang='lat' dir='ltr'>gignere</span> 
     </span>
     <span class='ocr_line' id='line_1_24' title="bbox 66 2236 1084 2320; baseline -0.004 -20"><span class='ocrx_word' id='word_1_180' title='bbox 66 2240 231 2320; x_wconf 89' lang='lat' dir='ltr'>pluresque</span> <span class='ocrx_word' id='word_1_181' title='bbox 259 2257 347 2318; x_wconf 89' lang='lat' dir='ltr'>quam</span> <span class='ocrx_word' id='word_1_182' title='bbox 374 2239 520 2319; x_wconf 83' lang='lat' dir='ltr'>singulos,</span> <span class='ocrx_word' id='word_1_183' title='bbox 550 2240 647 2299; x_wconf 91' lang='lat' dir='ltr'>vivere</span> <span class='ocrx_word' id='word_1_184' title='bbox 675 2236 799 2298; x_wconf 91' lang='lat' dir='ltr'>ducenis</span> <span class='ocrx_word' id='word_1_185' title='bbox 827 2240 912 2299; x_wconf 88' lang='lat' dir='ltr'>anuis</span> <span class='ocrx_word' id='word_1_186' title='bbox 939 2245 970 2299; x_wconf 90' lang='lat' dir='ltr'>et</span> <span class='ocrx_word' id='word_1_187' title='bbox 997 2256 1084 2316; x_wconf 89' lang='lat' dir='ltr'>qnos·</span> 
     </span>
     <span class='ocr_line' id='line_1_25' title="bbox 68 2326 1086 2406; baseline -0.001 -18"><span class='ocrx_word' id='word_1_188' title='bbox 68 2329 137 2388; x_wconf 90' lang='lat' dir='ltr'>dam</span> <span class='ocrx_word' id='word_1_189' title='bbox 161 2339 236 2388; x_wconf 79' lang='lat' dir='ltr'>cce.</span> <span class='ocrx_word' id='word_1_190' title='bbox 264 2331 401 2388; x_wconf 72' lang='lat' dir='ltr'>iuventa</span> <span class='ocrx_word' id='word_1_191' title='bbox 425 2346 530 2388; x_wconf 92' lang='lat' dir='ltr'>eorum</span> <span class='ocrx_word' id='word_1_192' title='bbox 552 2347 569 2387; x_wconf 89' lang='lat' dir='ltr'>a</span> <span class='ocrx_word' id='word_1_193' title='bbox 592 2329 775 2406; x_wconf 83' lang='lat' dir='ltr'>sexagesimo</span> <span class='ocrx_word' id='word_1_194' title='bbox 798 2327 910 2406; x_wconf 91' lang='lat' dir='ltr'>incipit.</span> <span class='ocrx_word' id='word_1_195' title='bbox 956 2326 1086 2405; x_wconf 87' lang='lat' dir='ltr'>gandent</span> 
     </span>
     <span class='ocr_line' id='line_1_26' title="bbox 29 2415 1085 2496; baseline -0.004 -17"><span class='ocrx_word' id='word_1_196' title='bbox 29 2433 53 2472; x_wconf 78' lang='lat'>2⁵</span> <span class='ocrx_word' id='word_1_197' title='bbox 67 2416 206 2479; x_wconf 85' lang='lat' dir='ltr'>amnibus</span> <span class='ocrx_word' id='word_1_198' title='bbox 233 2419 358 2479; x_wconf 80' lang='lat' dir='ltr'>maxime</span> <span class='ocrx_word' id='word_1_199' title='bbox 387 2424 418 2478; x_wconf 90' lang='lat' dir='ltr'>et</span> <span class='ocrx_word' id='word_1_200' title='bbox 440 2419 520 2477; x_wconf 87' lang='lat' dir='ltr'>circa</span> <span class='ocrx_word' id='word_1_201' title='bbox 544 2416 649 2476; x_wconf 87' lang='lat' dir='ltr'>ilnrios</span> <span class='ocrx_word' id='word_1_202' title='bbox 673 2423 829 2496; x_wconf 84' lang='lat' dir='ltr'>vagantur,</span> <span class='ocrx_word' id='word_1_203' title='bbox 859 2433 928 2476; x_wconf 93' lang='lat' dir='ltr'>cum</span> <span class='ocrx_word' id='word_1_204' title='bbox 955 2415 1085 2495; x_wconf 86' lang='lat' dir='ltr'>alioquin</span> 
     </span>
     <span class='ocr_line' id='line_1_27' title="bbox 67 2499 1086 2586; baseline 0 -21"><span class='ocrx_word' id='word_1_205' title='bbox 67 2523 140 2566; x_wconf 90' lang='lat' dir='ltr'>nare</span> <span class='ocrx_word' id='word_1_206' title='bbox 168 2513 292 2586; x_wconf 91' lang='lat' dir='ltr'>propter</span> <span class='ocrx_word' id='word_1_207' title='bbox 319 2499 553 2584; x_wconf 79' lang='lat' dir='ltr'>magnitudinem</span> <span class='ocrx_word' id='word_1_208' title='bbox 580 2507 715 2584; x_wconf 92' lang='lat' dir='ltr'>corporis</span> <span class='ocrx_word' id='word_1_209' title='bbox 742 2523 803 2564; x_wconf 92' lang='lat' dir='ltr'>non</span> <span class='ocrx_word' id='word_1_210' title='bbox 825 2508 950 2583; x_wconf 84' lang='lat' dir='ltr'>possint.</span> <span class='ocrx_word' id='word_1_211' title='bbox 995 2505 1086 2565; x_wconf 90' lang='lat' dir='ltr'>iidem</span> 
     </span>
     <span class='ocr_line' id='line_1_28' title="bbox 67 2592 1085 2674; baseline -0.002 -19"><span class='ocrx_word' id='word_1_212' title='bbox 67 2595 190 2673; x_wconf 82' lang='lat' dir='ltr'>frigoris</span> <span class='ocrx_word' id='word_1_213' title='bbox 217 2596 403 2674; x_wconf 90' lang='lat' dir='ltr'>inpatientes.</span> <span class='ocrx_word' id='word_1_214' title='bbox 450 2596 610 2654; x_wconf 84' lang='lat' dir='ltr'>maximum</span> <span class='ocrx_word' id='word_1_215' title='bbox 632 2593 689 2653; x_wconf 90' lang='lat' dir='ltr'>hoc</span> <span class='ocrx_word' id='word_1_216' title='bbox 711 2592 821 2654; x_wconf 90' lang='lat' dir='ltr'>malum</span> <span class='ocrx_word' id='word_1_217' title='bbox 844 2593 1085 2672; x_wconf 88' lang='lat' dir='ltr'>inflationemque</span> 
     </span>
     <span class='ocr_line' id='line_1_29' title="bbox 67 2681 1162 2769; baseline -0.002 -26"><span class='ocrx_word' id='word_1_218' title='bbox 67 2692 98 2743; x_wconf 89' lang='lat' dir='ltr'>et</span> <span class='ocrx_word' id='word_1_219' title='bbox 128 2683 308 2769; x_wconf 86' lang='lat' dir='ltr'>profluvium</span> <span class='ocrx_word' id='word_1_220' title='bbox 338 2683 393 2743; x_wconf 91' lang='lat' dir='ltr'>alvi</span> <span class='ocrx_word' id='word_1_221' title='bbox 425 2691 481 2742; x_wconf 93' lang='lat' dir='ltr'>nec</span> <span class='ocrx_word' id='word_1_222' title='bbox 510 2681 566 2742; x_wconf 89' lang='lat' dir='ltr'>alia</span> <span class='ocrx_word' id='word_1_223' title='bbox 597 2681 771 2743; x_wconf 88' lang='lat' dir='ltr'>morborum</span> <span class='ocrx_word' id='word_1_224' title='bbox 801 2700 911 2761; x_wconf 88' lang='lat' dir='ltr'>genera</span> <span class='ocrx_word' id='word_1_225' title='bbox 944 2685 1085 2742; x_wconf 90' lang='lat' dir='ltr'>sentiunt.</span> <span class='ocrx_word' id='word_1_226' title='bbox 1158 2693 1162 2698; x_wconf 86' lang='lat'>&#39;</span> 
     </span>
     <span class='ocr_line' id='line_1_30' title="bbox 67 2769 1084 2852; baseline -0.002 -21"><span class='ocrx_word' id='word_1_227' title='bbox 67 2771 127 2832; x_wconf 90' lang='lat' dir='ltr'>olei</span> <span class='ocrx_word' id='word_1_228' title='bbox 148 2780 224 2852; x_wconf 92' lang='lat' dir='ltr'>potu</span> <span class='ocrx_word' id='word_1_229' title='bbox 242 2772 300 2832; x_wconf 91' lang='lat' dir='ltr'>tela</span> <span class='ocrx_word' id='word_1_230' title='bbox 323 2790 398 2851; x_wconf 91' lang='lat' dir='ltr'>qnae</span> <span class='ocrx_word' id='word_1_231' title='bbox 422 2773 541 2851; x_wconf 92' lang='lat' dir='ltr'>corpori</span> <span class='ocrx_word' id='word_1_232' title='bbox 564 2789 669 2832; x_wconf 91' lang='lat' dir='ltr'>corum</span> <span class='ocrx_word' id='word_1_233' title='bbox 686 2769 860 2831; x_wconf 88' lang='lat' dir='ltr'>inhaereant</span> <span class='ocrx_word' id='word_1_234' title='bbox 880 2770 1018 2831; x_wconf 91' lang='lat' dir='ltr'>decidere</span> <span class='ocrx_word' id='word_1_235' title='bbox 1041 2773 1084 2830; x_wconf 92' lang='lat' dir='ltr'>in·</span> 
     </span>
     <span class='ocr_line' id='line_1_31' title="bbox 26 2858 1138 2942; baseline 0.005 -25"><span class='ocrx_word' id='word_1_236' title='bbox 26 2877 52 2916; x_wconf 85' lang='lat' dir='ltr'>ac</span> <span class='ocrx_word' id='word_1_237' title='bbox 65 2863 169 2942; x_wconf 79' lang='lat' dir='ltr'>venio,</span> <span class='ocrx_word' id='word_1_238' title='bbox 201 2879 218 2921; x_wconf 86' lang='lat' dir='ltr'>a</span> <span class='ocrx_word' id='word_1_239' title='bbox 245 2861 354 2921; x_wconf 87' lang='lat' dir='ltr'>sudore</span> <span class='ocrx_word' id='word_1_240' title='bbox 381 2867 481 2920; x_wconf 89' lang='lat' dir='ltr'>antem</span> <span class='ocrx_word' id='word_1_241' title='bbox 507 2859 622 2920; x_wconf 85' lang='lat' dir='ltr'>facilius</span> <span class='ocrx_word' id='word_1_242' title='bbox 651 2858 872 2920; x_wconf 87' lang='lat' dir='ltr'>adhaerescere.</span> <span class='ocrx_word' id='word_1_243' title='bbox 919 2868 949 2920; x_wconf 91' lang='lat' dir='ltr'>et</span> <span class='ocrx_word' id='word_1_244' title='bbox 975 2868 1086 2919; x_wconf 86' lang='lat' dir='ltr'>terram</span> <span class='ocrx_word' id='word_1_245' title='bbox 1104 2877 1138 2923; x_wconf 81' lang='lat'>29</span> 
     </span>
     <span class='ocr_line' id='line_1_32' title="bbox 67 2946 1098 3028; baseline -0.007 -18"><span class='ocrx_word' id='word_1_246' title='bbox 67 2949 167 3010; x_wconf 88' lang='lat' dir='ltr'>edisse</span> <span class='ocrx_word' id='word_1_247' title='bbox 191 2949 238 3010; x_wconf 92' lang='lat' dir='ltr'>his</span> <span class='ocrx_word' id='word_1_248' title='bbox 261 2949 412 3010; x_wconf 86' lang='lat' dir='ltr'>tabificum</span> <span class='ocrx_word' id='word_1_249' title='bbox 436 2957 494 3028; x_wconf 80' lang='lat' dir='ltr'>est,</span> <span class='ocrx_word' id='word_1_250' title='bbox 524 2949 582 3008; x_wconf 90' lang='lat' dir='ltr'>nisi</span> <span class='ocrx_word' id='word_1_251' title='bbox 605 2949 722 3027; x_wconf 90' lang='lat' dir='ltr'>saepius</span> <span class='ocrx_word' id='word_1_252' title='bbox 746 2948 893 3008; x_wconf 85' lang='lat' dir='ltr'>mandant.</span> <span class='ocrx_word' id='word_1_253' title='bbox 944 2946 1098 3007; x_wconf 91' lang='lat' dir='ltr'>devorant.</span> 
     </span>
     <span class='ocr_line' id='line_1_33' title="bbox 67 3035 1085 3118; baseline -0.003 -20"><span class='ocrx_word' id='word_1_254' title='bbox 67 3046 170 3099; x_wconf 91' lang='lat' dir='ltr'>autem</span> <span class='ocrx_word' id='word_1_255' title='bbox 200 3046 230 3099; x_wconf 92' lang='lat' dir='ltr'>et</span> <span class='ocrx_word' id='word_1_256' title='bbox 257 3036 377 3118; x_wconf 93' lang='lat' dir='ltr'>lapides.</span> <span class='ocrx_word' id='word_1_257' title='bbox 430 3046 554 3098; x_wconf 90' lang='lat' dir='ltr'>truncos</span> <span class='ocrx_word' id='word_1_258' title='bbox 582 3036 702 3116; x_wconf 90' lang='lat' dir='ltr'>quidem</span> <span class='ocrx_word' id='word_1_259' title='bbox 730 3037 898 3115; x_wconf 89' lang='lat' dir='ltr'>gratissimo</span> <span class='ocrx_word' id='word_1_260' title='bbox 928 3039 959 3096; x_wconf 93' lang='lat' dir='ltr'>in</span> <span class='ocrx_word' id='word_1_261' title='bbox 987 3035 1085 3096; x_wconf 90' lang='lat' dir='ltr'>cibatu</span> 
     </span>
    </p>
   </div>
   <div class='ocr_carea' id='block_1_3' title="bbox 68 3177 285 3186">
    <p class='ocr_par' dir='ltr' id='par_1_3' title="bbox 68 3177 285 3186">
     <span class='ocr_line' id='line_1_34' title="bbox 68 3177 285 3186; baseline 0.005 -2"><span class='ocrx_word' id='word_1_262' title='bbox 68 3177 285 3186; x_wconf 51' lang='grc' dir='ltr'>-α--ι--ι-φ-ι-</span> 
     </span>
    </p>
   </div>
   <div class='ocr_carea' id='block_1_4' title="bbox 62 3257 1087 3689">
    <p class='ocr_par' dir='ltr' id='par_1_4' title="bbox 62 3257 1087 3689">
     <span class='ocr_line' id='line_1_35' title="bbox 142 3257 1085 3317; baseline -0.005 -1"><span class='ocrx_word' id='word_1_263' title='bbox 142 3262 281 3317; x_wconf 83' lang='lat' dir='ltr'>1femere</span> <span class='ocrx_word' id='word_1_264' title='bbox 299 3263 344 3316; x_wconf 74' lang='lat'>12¹.</span> <span class='ocrx_word' id='word_1_265' title='bbox 371 3261 477 3316; x_wconf 83' lang='lat' dir='ltr'>femore</span> <span class='ocrx_word' id='word_1_266' title='bbox 496 3262 540 3315; x_wconf 74' lang='lat'>12².</span> <span class='ocrx_word' id='word_1_267' title='bbox 621 3267 635 3315; x_wconf 78' lang='grc'>1</span> <span class='ocrx_word' id='word_1_268' title='bbox 658 3261 829 3316; x_wconf 80' lang='lat' dir='ltr'>contendent</span> <span class='ocrx_word' id='word_1_269' title='bbox 847 3260 883 3313; x_wconf 67' lang='lat'>⁸¹.</span> <span class='ocrx_word' id='word_1_270' title='bbox 912 3259 1031 3312; x_wconf 86' lang='lat' dir='ltr'>tendunt</span> <span class='ocrx_word' id='word_1_271' title='bbox 1049 3257 1085 3311; x_wconf 67' lang='lat' dir='ltr'>a‘t</span> 
     </span>
     <span class='ocr_line' id='line_1_36' title="bbox 141 3330 1026 3403; baseline -0.008 -15"><span class='ocrx_word' id='word_1_272' title='bbox 141 3333 304 3403; x_wconf 82' lang='lat' dir='ltr'>Svestigiia</span> <span class='ocrx_word' id='word_1_273' title='bbox 321 3337 395 3387; x_wconf 76' lang='lat' dir='ltr'>uic.</span> <span class='ocrx_word' id='word_1_274' title='bbox 470 3338 502 3387; x_wconf 80' lang='lat'>15</span> <span class='ocrx_word' id='word_1_275' title='bbox 522 3335 596 3387; x_wconf 86' lang='lat' dir='ltr'>ostes</span> <span class='ocrx_word' id='word_1_276' title='bbox 615 3332 652 3386; x_wconf 69' lang='lat'>⁸².</span> <span class='ocrx_word' id='word_1_277' title='bbox 678 3332 767 3386; x_wconf 80' lang='lat' dir='ltr'>hortis</span> <span class='ocrx_word' id='word_1_278' title='bbox 786 3331 854 3384; x_wconf 66' lang='lat'>1³1¹.</span> <span class='ocrx_word' id='word_1_279' title='bbox 880 3330 1026 3385; x_wconf 61' lang='grc'><strong>(11111111.</strong></span> 
     </span>
     <span class='ocr_line' id='line_1_37' title="bbox 65 3402 1087 3473; baseline -0.007 -13"><span class='ocrx_word' id='word_1_280' title='bbox 65 3412 100 3460; x_wconf 81' lang='lat'>17</span> <span class='ocrx_word' id='word_1_281' title='bbox 123 3404 242 3459; x_wconf 86' lang='lat' dir='ltr'>minimo</span> <span class='ocrx_word' id='word_1_282' title='bbox 261 3410 285 3458; x_wconf 85' lang='lat' dir='ltr'>d.</span> <span class='ocrx_word' id='word_1_283' title='bbox 314 3421 370 3458; x_wconf 86' lang='lat' dir='ltr'>—me</span> <span class='ocrx_word' id='word_1_284' title='bbox 388 3421 411 3457; x_wconf 82' lang='lat' dir='ltr'>r.</span> <span class='ocrx_word' id='word_1_285' title='bbox 503 3410 545 3457; x_wconf 78' lang='lat'>22.</span> <span class='ocrx_word' id='word_1_286' title='bbox 559 3409 594 3458; x_wconf 77' lang='lat'>23</span> <span class='ocrx_word' id='word_1_287' title='bbox 618 3403 706 3457; x_wconf 87' lang='lat' dir='ltr'>semel</span> <span class='ocrx_word' id='word_1_288' title='bbox 723 3403 846 3473; x_wconf 80' lang='lat' dir='ltr'>pluresq3</span> <span class='ocrx_word' id='word_1_289' title='bbox 865 3420 884 3470; x_wconf 87' lang='lat' dir='ltr'>q</span> <span class='ocrx_word' id='word_1_290' title='bbox 908 3402 1087 3470; x_wconf 64' lang='grc'><strong>(1111111111-</strong></span> 
     </span>
     <span class='ocr_line' id='line_1_38' title="bbox 62 3472 1086 3544; baseline -0.009 -13"><span class='ocrx_word' id='word_1_291' title='bbox 62 3475 188 3544; x_wconf 72' lang='lat' dir='ltr'>riarum)</span> <span class='ocrx_word' id='word_1_292' title='bbox 206 3475 244 3527; x_wconf 67' lang='lat'>12⁹</span> <span class='ocrx_word' id='word_1_293' title='bbox 261 3477 293 3530; x_wconf 81' lang='lat' dir='ltr'>io</span> <span class='ocrx_word' id='word_1_294' title='bbox 311 3477 435 3544; x_wconf 78' lang='lat' dir='ltr'>margine</span> <span class='ocrx_word' id='word_1_295' title='bbox 453 3481 516 3529; x_wconf 79' lang='lat' dir='ltr'>arcte</span> <span class='ocrx_word' id='word_1_296' title='bbox 535 3474 668 3544; x_wconf 84' lang='lat' dir='ltr'>singulos.</span> <span class='ocrx_word' id='word_1_297' title='bbox 698 3474 812 3544; x_wconf 82' lang='lat' dir='ltr'>gignere</span> <span class='ocrx_word' id='word_1_298' title='bbox 832 3472 920 3526; x_wconf 86' lang='lat' dir='ltr'>semel</span> <span class='ocrx_word' id='word_1_299' title='bbox 936 3472 1086 3540; x_wconf 87' lang='lat' dir='ltr'>pluresque</span> 
     </span>
     <span class='ocr_line' id='line_1_39' title="bbox 62 3543 1085 3618; baseline -0.009 -18"><span class='ocrx_word' id='word_1_300' title='bbox 62 3547 96 3600; x_wconf 76' lang='lat'>«1²</span> <span class='ocrx_word' id='word_1_301' title='bbox 109 3553 178 3618; x_wconf 81' lang='lat' dir='ltr'>post</span> <span class='ocrx_word' id='word_1_302' title='bbox 196 3547 329 3618; x_wconf 85' lang='lat' dir='ltr'>singulos.</span> <span class='ocrx_word' id='word_1_303' title='bbox 354 3563 404 3602; x_wconf 84' lang='lat' dir='ltr'>om.</span> <span class='ocrx_word' id='word_1_304' title='bbox 419 3553 446 3600; x_wconf 70' lang='grc' dir='ltr'>Τ.</span> <span class='ocrx_word' id='word_1_305' title='bbox 471 3547 520 3613; x_wconf 75' lang='lat' dir='ltr'>cfr.</span> <span class='ocrx_word' id='word_1_306' title='bbox 536 3546 624 3600; x_wconf 77' lang='lat' dir='ltr'>Solio.</span> <span class='ocrx_word' id='word_1_307' title='bbox 639 3551 686 3612; x_wconf 83' lang='lat'>25,</span> <span class='ocrx_word' id='word_1_308' title='bbox 696 3551 723 3600; x_wconf 83' lang='lat'>8.</span> <span class='ocrx_word' id='word_1_309' title='bbox 779 3550 811 3597; x_wconf 83' lang='lat'>23</span> <span class='ocrx_word' id='word_1_310' title='bbox 832 3543 912 3596; x_wconf 82' lang='lat' dir='ltr'>cunis</span> <span class='ocrx_word' id='word_1_311' title='bbox 926 3545 978 3594; x_wconf 76' lang='lat' dir='ltr'>ltu.</span> <span class='ocrx_word' id='word_1_312' title='bbox 998 3557 1048 3594; x_wconf 85' lang='lat' dir='ltr'>om.</span> <span class='ocrx_word' id='word_1_313' title='bbox 1063 3556 1085 3592; x_wconf 85' lang='lat' dir='ltr'>r.</span> 
     </span>
     <span class='ocr_line' id='line_1_40' title="bbox 139 3617 756 3689; baseline -0.01 -15"><span class='ocrx_word' id='word_1_314' title='bbox 139 3623 175 3674; x_wconf 75' lang='lat'>26</span> <span class='ocrx_word' id='word_1_315' title='bbox 194 3619 304 3689; x_wconf 87' lang='lat' dir='ltr'>possint</span> <span class='ocrx_word' id='word_1_316' title='bbox 321 3636 345 3673; x_wconf 86' lang='lat' dir='ltr'>c.</span> <span class='ocrx_word' id='word_1_317' title='bbox 371 3622 449 3674; x_wconf 79' lang='lat' dir='ltr'>-sunt</span> <span class='ocrx_word' id='word_1_318' title='bbox 467 3620 493 3672; x_wconf 90' lang='grc'>11.</span> <span class='ocrx_word' id='word_1_319' title='bbox 567 3623 600 3672; x_wconf 74' lang='lat' dir='ltr'>tt</span> <span class='ocrx_word' id='word_1_320' title='bbox 620 3617 682 3671; x_wconf 75' lang='lat' dir='ltr'>dist.</span> <span class='ocrx_word' id='word_1_321' title='bbox 702 3632 756 3684; x_wconf 80' lang='lat' dir='ltr'>epo.</span> 
     </span>
    </p>
   </div>
   <div class='ocr_carea' id='block_1_5' title="bbox 0 0 1321 3948">
    <p class='ocr_par' dir='ltr' id='par_1_5' title="bbox 0 0 1321 3948">
     <span class='ocr_line' id='line_1_41' title="bbox 0 0 1321 3948; baseline 0 0"><span class='ocrx_word' id='word_1_322' title='bbox 0 0 1321 3948; x_wconf 95' lang='lat' dir='ltr'> </span> 
     </span>
    </p>
   </div>
  </div>
 </body>
</html>
