<?xml version="1.0" encoding="UTF-8"?>
<!DOCTYPE html PUBLIC "-//W3C//DTD XHTML 1.0 Transitional//EN"
    "http://www.w3.org/TR/xhtml1/DTD/xhtml1-transitional.dtd">
<html xmlns="http://www.w3.org/1999/xhtml" xml:lang="en" lang="en">
 <head>
  <title>
</title>
<meta http-equiv="Content-Type" content="text/html;charset=utf-8" />
  <meta name='ocr-system' content='tesseract 3.04.00' />
  <meta name='ocr-capabilities' content='ocr_page ocr_carea ocr_par ocr_line ocrx_word'/>
</head>
<body>
  <div class='ocr_page' id='page_1' title='image "./cplinisecundina02mayhgoog_0050.png"; bbox 0 0 2628 3950; ppageno 0'>
   <div class='ocr_carea' id='block_1_1' title="bbox 415 147 1103 233">
    <p class='ocr_par' dir='ltr' id='par_1_1' title="bbox 415 147 1103 233">
     <span class='ocr_line' id='line_1_1' title="bbox 415 147 1103 233; baseline 0.02 -17"><span class='ocrx_word' id='word_1_1' title='bbox 415 161 717 218; x_wconf 71' lang='lat' dir='ltr'><strong>unumunurn</strong></span> <span class='ocrx_word' id='word_1_2' title='bbox 738 165 775 233; x_wconf 76' lang='lat' dir='ltr'><strong>(a)</strong></span> <span class='ocrx_word' id='word_1_3' title='bbox 980 157 985 192; x_wconf 80' lang='lat'><strong>³·</strong></span> <span class='ocrx_word' id='word_1_4' title='bbox 1077 147 1103 230; x_wconf 72' lang='lat' dir='ltr'><strong>&#39;b</strong></span> 
     </span>
    </p>
   </div>
   <div class='ocr_carea' id='block_1_2' title="bbox 17 312 1190 3036">
    <p class='ocr_par' dir='ltr' id='par_1_2' title="bbox 92 312 1102 390">
     <span class='ocr_line' id='line_1_2' title="bbox 92 312 1102 390; baseline 0.005 -20"><span class='ocrx_word' id='word_1_5' title='bbox 92 329 154 371; x_wconf 85' lang='lat' dir='ltr'><strong>esse</strong></span> <span class='ocrx_word' id='word_1_6' title='bbox 181 313 339 390; x_wconf 87' lang='lat' dir='ltr'><strong>utriusque</strong></span> <span class='ocrx_word' id='word_1_7' title='bbox 367 319 490 372; x_wconf 89' lang='lat' dir='ltr'><strong>naturae</strong></span> <span class='ocrx_word' id='word_1_8' title='bbox 518 314 597 372; x_wconf 89' lang='lat' dir='ltr'><strong>inter</strong></span> <span class='ocrx_word' id='word_1_9' title='bbox 625 331 656 372; x_wconf 93' lang='lat' dir='ltr'><strong>se</strong></span> <span class='ocrx_word' id='word_1_10' title='bbox 684 312 799 373; x_wconf 88' lang='lat' dir='ltr'><strong>vicibus</strong></span> <span class='ocrx_word' id='word_1_11' title='bbox 828 319 971 374; x_wconf 87' lang='lat' dir='ltr'><strong>coeuntes</strong></span> <span class='ocrx_word' id='word_1_12' title='bbox 988 312 1102 376; x_wconf 73' lang='lat' dir='ltr'><strong>‚Calli-</strong></span> 
     </span>
    </p>

    <p class='ocr_par' dir='ltr' id='par_1_3' title="bbox 17 399 1157 662">
     <span class='ocr_line' id='line_1_3' title="bbox 17 399 1103 478; baseline 0.005 -19"><span class='ocrx_word' id='word_1_13' title='bbox 17 430 22 436; x_wconf 88' lang='lat'>·</span> <span class='ocrx_word' id='word_1_14' title='bbox 90 399 221 478; x_wconf 91' lang='lat' dir='ltr'><strong>phanes</strong></span> <span class='ocrx_word' id='word_1_15' title='bbox 244 399 341 460; x_wconf 78' lang='lat' dir='ltr'><strong>tradit.</strong></span> <span class='ocrx_word' id='word_1_16' title='bbox 375 399 594 461; x_wconf 83' lang='lat' dir='ltr'><strong>Aristoteles</strong></span> <span class='ocrx_word' id='word_1_17' title='bbox 618 401 707 462; x_wconf 89' lang='lat' dir='ltr'><strong>adicit</strong></span> <span class='ocrx_word' id='word_1_18' title='bbox 730 401 864 462; x_wconf 78' lang='lat' dir='ltr'><strong>dextram</strong></span> <span class='ocrx_word' id='word_1_19' title='bbox 888 419 1044 464; x_wconf 90' lang='lat' dir='ltr'><strong>mammam</strong></span> <span class='ocrx_word' id='word_1_20' title='bbox 1066 405 1103 464; x_wconf 90' lang='lat' dir='ltr'><strong>iis</strong></span> 
     </span>
     <span class='ocr_line' id='line_1_4' title="bbox 90 488 1157 570; baseline 0.001 -23"><span class='ocrx_word' id='word_1_21' title='bbox 90 489 210 570; x_wconf 89' lang='lat' dir='ltr'><strong>virilem,</strong></span> <span class='ocrx_word' id='word_1_22' title='bbox 233 489 344 549; x_wconf 87' lang='lat' dir='ltr'><strong>laevam</strong></span> <span class='ocrx_word' id='word_1_23' title='bbox 366 488 543 550; x_wconf 83' lang='lat' dir='ltr'>muliebrem</span> <span class='ocrx_word' id='word_1_24' title='bbox 566 503 640 550; x_wconf 91' lang='lat' dir='ltr'><strong>esse.</strong></span> <span class='ocrx_word' id='word_1_25' title='bbox 677 493 708 551; x_wconf 93' lang='lat' dir='ltr'><strong>in</strong></span> <span class='ocrx_word' id='word_1_26' title='bbox 732 490 834 552; x_wconf 89' lang='lat' dir='ltr'><strong>eadem</strong></span> <span class='ocrx_word' id='word_1_27' title='bbox 857 490 1103 552; x_wconf 81' lang='lat' dir='ltr'><strong>Atrica&#39;lamilias</strong></span> <span class='ocrx_word' id='word_1_28' title='bbox 1123 500 1157 548; x_wconf 75' lang='grc'><strong>18</strong></span> 
     </span>
     <span class='ocr_line' id='line_1_5' title="bbox 91 577 1104 662; baseline 0.004 -25"><span class='ocrx_word' id='word_1_29' title='bbox 91 579 229 655; x_wconf 86' lang='lat' dir='ltr'><strong>quasdam</strong></span> <span class='ocrx_word' id='word_1_30' title='bbox 270 579 505 640; x_wconf 80' lang='lat' dir='ltr'><strong>effascinantium</strong></span> <span class='ocrx_word' id='word_1_31' title='bbox 541 577 708 658; x_wconf 84' lang='lat' dir='ltr'><strong>Isigonus</strong></span> <span class='ocrx_word' id='word_1_32' title='bbox 750 587 780 640; x_wconf 91' lang='lat' dir='ltr'><strong>et</strong></span> <span class='ocrx_word' id='word_1_33' title='bbox 815 579 1104 662; x_wconf 73' lang='lat' dir='ltr'><strong>NymphodoruS,</strong></span> 
     </span>
    </p>

    <p class='ocr_par' dir='ltr' id='par_1_4' title="bbox 65 666 1104 836">
     <span class='ocr_line' id='line_1_6' title="bbox 65 666 1104 750; baseline 0.004 -24"><span class='ocrx_word' id='word_1_34' title='bbox 65 681 217 743; x_wconf 69' lang='lat' dir='ltr'><strong>equorum</strong></span> <span class='ocrx_word' id='word_1_35' title='bbox 248 667 415 744; x_wconf 73' lang='lat' dir='ltr'><strong>laudatione</strong></span> <span class='ocrx_word' id='word_1_36' title='bbox 452 666 601 728; x_wconf 84' lang='lat' dir='ltr'><strong>intereant</strong></span> <span class='ocrx_word' id='word_1_37' title='bbox 631 667 768 749; x_wconf 87' lang='lat' dir='ltr'><strong>probata,</strong></span> <span class='ocrx_word' id='word_1_38' title='bbox 804 677 941 730; x_wconf 79' lang='lat' dir='ltr'><strong>arescant</strong></span> <span class='ocrx_word' id='word_1_39' title='bbox 972 669 1104 750; x_wconf 90' lang='lat' dir='ltr'><strong>arbores,</strong></span> 
     </span>
     <span class='ocr_line' id='line_1_7' title="bbox 91 756 1104 836; baseline 0.004 -22"><span class='ocrx_word' id='word_1_40' title='bbox 91 758 271 816; x_wconf 89' lang='lat' dir='ltr'><strong>emoriantur</strong></span> <span class='ocrx_word' id='word_1_41' title='bbox 294 756 430 817; x_wconf 83' lang='lat' dir='ltr'><strong>inlantes</strong></span> <span class='ocrx_word' id='word_1_42' title='bbox 470 773 535 816; x_wconf 88' lang='lat' dir='ltr'><strong>esse</strong></span> <span class='ocrx_word' id='word_1_43' title='bbox 560 757 694 818; x_wconf 86' lang='lat' dir='ltr'><strong>eiusdem</strong></span> <span class='ocrx_word' id='word_1_44' title='bbox 717 759 835 836; x_wconf 85' lang='lat' dir='ltr'><strong>generis</strong></span> <span class='ocrx_word' id='word_1_45' title='bbox 858 759 889 817; x_wconf 95' lang='lat' dir='ltr'><strong>in</strong></span> <span class='ocrx_word' id='word_1_46' title='bbox 912 757 1050 819; x_wconf 83' lang='lat' dir='ltr'><strong>Triballis</strong></span> <span class='ocrx_word' id='word_1_47' title='bbox 1074 767 1104 818; x_wconf 86' lang='lat' dir='ltr'><strong>et</strong></span> 
     </span>
    </p>

    <p class='ocr_par' dir='ltr' id='par_1_5' title="bbox 26 842 1104 1102">
     <span class='ocr_line' id='line_1_8' title="bbox 26 842 1103 926; baseline 0.005 -23"><span class='ocrx_word' id='word_1_48' title='bbox 26 899 32 910; x_wconf 81' lang='grc'><strong>,</strong></span> <span class='ocrx_word' id='word_1_49' title='bbox 90 842 183 923; x_wconf 79' lang='lat' dir='ltr'><strong>Illyris</strong></span> <span class='ocrx_word' id='word_1_50' title='bbox 212 845 301 905; x_wconf 91' lang='lat' dir='ltr'><strong>adicit</strong></span> <span class='ocrx_word' id='word_1_51' title='bbox 323 844 505 925; x_wconf 87' lang='lat' dir='ltr'><strong>Isigonus,</strong></span> <span class='ocrx_word' id='word_1_52' title='bbox 539 847 590 923; x_wconf 90' lang='lat' dir='ltr'><strong>qui</strong></span> <span class='ocrx_word' id='word_1_53' title='bbox 616 848 681 906; x_wconf 89' lang='lat' dir='ltr'><strong>visu</strong></span> <span class='ocrx_word' id='word_1_54' title='bbox 712 864 829 925; x_wconf 90' lang='lat' dir='ltr'><strong>qnoque</strong></span> <span class='ocrx_word' id='word_1_55' title='bbox 859 847 1032 908; x_wconf 83' lang='lat' dir='ltr'><strong>effascinent</strong></span> <span class='ocrx_word' id='word_1_56' title='bbox 1059 848 1103 926; x_wconf 76' lang='lat' dir='ltr'><strong>in-</strong></span> 
     </span>
     <span class='ocr_line' id='line_1_9' title="bbox 89 935 1104 1016; baseline 0.005 -25"><span class='ocrx_word' id='word_1_57' title='bbox 89 935 286 1011; x_wconf 81' lang='lat' dir='ltr'><strong>terimantquc</strong></span> <span class='ocrx_word' id='word_1_58' title='bbox 306 952 381 1012; x_wconf 89' lang='lat' dir='ltr'><strong>quos</strong></span> <span class='ocrx_word' id='word_1_59' title='bbox 395 935 509 995; x_wconf 91' lang='lat' dir='ltr'><strong>diutius</strong></span> <span class='ocrx_word' id='word_1_60' title='bbox 528 936 710 1015; x_wconf 77' lang='lat' dir='ltr'><strong>intueantur,</strong></span> <span class='ocrx_word' id='word_1_61' title='bbox 728 937 812 995; x_wconf 91' lang='lat' dir='ltr'><strong>iratis</strong></span> <span class='ocrx_word' id='word_1_62' title='bbox 826 938 985 1014; x_wconf 86' lang='lat' dir='ltr'><strong>praecipue</strong></span> <span class='ocrx_word' id='word_1_63' title='bbox 1000 936 1104 1016; x_wconf 75' lang='lat' dir='ltr'><strong>oculiS,</strong></span> 
     </span>
     <span class='ocr_line' id='line_1_10' title="bbox 90 1019 1104 1102; baseline 0.002 -20"><span class='ocrx_word' id='word_1_64' title='bbox 90 1019 166 1100; x_wconf 90' lang='lat' dir='ltr'><strong>quod</strong></span> <span class='ocrx_word' id='word_1_65' title='bbox 195 1041 300 1082; x_wconf 91' lang='lat' dir='ltr'><strong>eorum</strong></span> <span class='ocrx_word' id='word_1_66' title='bbox 331 1022 441 1083; x_wconf 90' lang='lat' dir='ltr'><strong>malum</strong></span> <span class='ocrx_word' id='word_1_67' title='bbox 469 1023 584 1083; x_wconf 83' lang='lat' dir='ltr'><strong>facilins</strong></span> <span class='ocrx_word' id='word_1_68' title='bbox 617 1025 728 1083; x_wconf 87' lang='lat' dir='ltr'><strong>sentire</strong></span> <span class='ocrx_word' id='word_1_69' title='bbox 755 1023 894 1102; x_wconf 88' lang='lat' dir='ltr'><strong>puberes.</strong></span> <span class='ocrx_word' id='word_1_70' title='bbox 944 1023 1104 1084; x_wconf 86' lang='lat' dir='ltr'><strong>notabilius</strong></span> 
     </span>
    </p>

    <p class='ocr_par' dir='ltr' id='par_1_6' title="bbox 51 1103 1190 1549">
     <span class='ocr_line' id='line_1_11' title="bbox 51 1103 1156 1191; baseline 0.005 -23"><span class='ocrx_word' id='word_1_71' title='bbox 51 1126 75 1162; x_wconf 82' lang='lat'><strong>10</strong></span> <span class='ocrx_word' id='word_1_72' title='bbox 89 1129 153 1172; x_wconf 88' lang='lat' dir='ltr'><strong>esse</strong></span> <span class='ocrx_word' id='word_1_73' title='bbox 177 1112 257 1190; x_wconf 89' lang='lat' dir='ltr'><strong>quod</strong></span> <span class='ocrx_word' id='word_1_74' title='bbox 280 1111 406 1190; x_wconf 89' lang='lat' dir='ltr'><strong>pupillas</strong></span> <span class='ocrx_word' id='word_1_75' title='bbox 430 1111 514 1172; x_wconf 91' lang='lat' dir='ltr'><strong>binas</strong></span> <span class='ocrx_word' id='word_1_76' title='bbox 537 1113 568 1171; x_wconf 95' lang='lat' dir='ltr'><strong>in</strong></span> <span class='ocrx_word' id='word_1_77' title='bbox 591 1111 715 1191; x_wconf 91' lang='lat' dir='ltr'><strong>singulis</strong></span> <span class='ocrx_word' id='word_1_78' title='bbox 734 1112 861 1172; x_wconf 84' lang='lat' dir='ltr'><strong>habeant</strong></span> <span class='ocrx_word' id='word_1_79' title='bbox 884 1113 986 1174; x_wconf 90' lang='lat' dir='ltr'><strong>oculis.</strong></span> <span class='ocrx_word' id='word_1_80' title='bbox 1014 1113 1104 1174; x_wconf 88' lang='lat' dir='ltr'><strong>huius</strong></span> <span class='ocrx_word' id='word_1_81' title='bbox 1124 1103 1156 1168; x_wconf 74' lang='lat'><strong>1&#39;7</strong></span> 
     </span>
     <span class='ocr_line' id='line_1_12' title="bbox 88 1198 1104 1282; baseline 0.002 -23"><span class='ocrx_word' id='word_1_82' title='bbox 88 1203 207 1276; x_wconf 87' lang='lat' dir='ltr'><strong>generis</strong></span> <span class='ocrx_word' id='word_1_83' title='bbox 231 1207 261 1260; x_wconf 90' lang='lat' dir='ltr'><strong>et</strong></span> <span class='ocrx_word' id='word_1_84' title='bbox 283 1200 408 1260; x_wconf 85' lang='lat' dir='ltr'><strong>feminas</strong></span> <span class='ocrx_word' id='word_1_85' title='bbox 431 1204 462 1260; x_wconf 94' lang='lat' dir='ltr'><strong>in</strong></span> <span class='ocrx_word' id='word_1_86' title='bbox 487 1198 620 1280; x_wconf 83' lang='lat' dir='ltr'><strong>Scythia,</strong></span> <span class='ocrx_word' id='word_1_87' title='bbox 644 1219 719 1280; x_wconf 87' lang='lat' dir='ltr'><strong>quae</strong></span> <span class='ocrx_word' id='word_1_88' title='bbox 743 1199 836 1261; x_wconf 87' lang='lat' dir='ltr'><strong>Bitiae</strong></span> <span class='ocrx_word' id='word_1_89' title='bbox 861 1209 1013 1282; x_wconf 86' lang='lat' dir='ltr'><strong>vocantur,</strong></span> <span class='ocrx_word' id='word_1_90' title='bbox 1036 1220 1104 1280; x_wconf 91' lang='lat' dir='ltr'><strong>pro-</strong></span> 
     </span>
     <span class='ocr_line' id='line_1_13' title="bbox 88 1288 1106 1368; baseline 0.002 -20"><span class='ocrx_word' id='word_1_91' title='bbox 88 1288 131 1348; x_wconf 85' lang='lat' dir='ltr'><strong>dit</strong></span> <span class='ocrx_word' id='word_1_92' title='bbox 157 1289 402 1368; x_wconf 80' lang='lat' dir='ltr'><strong>Apollonides</strong></span> <span class='ocrx_word' id='word_1_93' title='bbox 447 1289 671 1368; x_wconf 77' lang='lat' dir='ltr'><strong>Phylarchus</strong></span> <span class='ocrx_word' id='word_1_94' title='bbox 699 1296 729 1349; x_wconf 93' lang='lat' dir='ltr'><strong>et</strong></span> <span class='ocrx_word' id='word_1_95' title='bbox 756 1292 787 1349; x_wconf 94' lang='lat' dir='ltr'><strong>in</strong></span> <span class='ocrx_word' id='word_1_96' title='bbox 810 1289 906 1350; x_wconf 92' lang='lat' dir='ltr'><strong>Ponto</strong></span> <span class='ocrx_word' id='word_1_97' title='bbox 930 1289 1106 1353; x_wconf 86' lang='lat' dir='ltr'><strong>Thibiorum</strong></span> 
     </span>
     <span class='ocr_line' id='line_1_14' title="bbox 88 1377 1190 1459; baseline 0.002 -23"><span class='ocrx_word' id='word_1_98' title='bbox 88 1395 181 1455; x_wconf 89' lang='lat' dir='ltr'><strong>genus</strong></span> <span class='ocrx_word' id='word_1_99' title='bbox 203 1378 372 1457; x_wconf 90' lang='lat' dir='ltr'><strong>multosque</strong></span> <span class='ocrx_word' id='word_1_100' title='bbox 391 1377 464 1438; x_wconf 90' lang='lat' dir='ltr'><strong>alios</strong></span> <span class='ocrx_word' id='word_1_101' title='bbox 483 1377 617 1438; x_wconf 87' lang='lat' dir='ltr'><strong>eiusdem</strong></span> <span class='ocrx_word' id='word_1_102' title='bbox 635 1384 772 1459; x_wconf 87' lang='lat' dir='ltr'><strong>naturae,</strong></span> <span class='ocrx_word' id='word_1_103' title='bbox 796 1381 924 1457; x_wconf 86' lang='lat' dir='ltr'><strong>quorum</strong></span> <span class='ocrx_word' id='word_1_104' title='bbox 943 1387 1028 1439; x_wconf 92' lang='lat' dir='ltr'><strong>notas</strong></span> <span class='ocrx_word' id='word_1_105' title='bbox 1046 1387 1104 1440; x_wconf 87' lang='lat' dir='ltr'><strong>tra·</strong></span> <span class='ocrx_word' id='word_1_106' title='bbox 1187 1381 1190 1384; x_wconf 83' lang='grc'><strong>’</strong></span> 
     </span>
     <span class='ocr_line' id='line_1_15' title="bbox 89 1465 1104 1549; baseline 0.003 -24"><span class='ocrx_word' id='word_1_107' title='bbox 89 1466 131 1526; x_wconf 90' lang='lat' dir='ltr'><strong>dit</strong></span> <span class='ocrx_word' id='word_1_108' title='bbox 144 1469 176 1526; x_wconf 94' lang='lat' dir='ltr'><strong>in</strong></span> <span class='ocrx_word' id='word_1_109' title='bbox 192 1466 285 1526; x_wconf 88' lang='lat' dir='ltr'><strong>altaro</strong></span> <span class='ocrx_word' id='word_1_110' title='bbox 300 1467 386 1527; x_wconf 91' lang='lat' dir='ltr'><strong>oculo</strong></span> <span class='ocrx_word' id='word_1_111' title='bbox 401 1469 548 1545; x_wconf 88' lang='lat' dir='ltr'><strong>geminam</strong></span> <span class='ocrx_word' id='word_1_112' title='bbox 561 1465 712 1549; x_wconf 89' lang='lat' dir='ltr'><strong>pupillam,</strong></span> <span class='ocrx_word' id='word_1_113' title='bbox 730 1469 761 1527; x_wconf 94' lang='lat' dir='ltr'><strong>in</strong></span> <span class='ocrx_word' id='word_1_114' title='bbox 776 1467 869 1528; x_wconf 93' lang='lat' dir='ltr'><strong>altero</strong></span> <span class='ocrx_word' id='word_1_115' title='bbox 884 1470 954 1547; x_wconf 89' lang='lat' dir='ltr'><strong>equi</strong></span> <span class='ocrx_word' id='word_1_116' title='bbox 968 1469 1104 1546; x_wconf 80' lang='lat' dir='ltr'><strong>effigiem.</strong></span> 
     </span>
    </p>

    <p class='ocr_par' dir='ltr' id='par_1_7' title="bbox 50 1555 1158 1903">
     <span class='ocr_line' id='line_1_16' title="bbox 50 1555 1105 1636; baseline 0.003 -22"><span class='ocrx_word' id='word_1_117' title='bbox 50 1567 74 1607; x_wconf 77' lang='lat'><strong>15</strong></span> <span class='ocrx_word' id='word_1_118' title='bbox 88 1555 209 1616; x_wconf 89' lang='lat' dir='ltr'><strong>eosdem</strong></span> <span class='ocrx_word' id='word_1_119' title='bbox 231 1563 387 1635; x_wconf 91' lang='lat' dir='ltr'><strong>praeterea</strong></span> <span class='ocrx_word' id='word_1_120' title='bbox 414 1574 474 1616; x_wconf 91' lang='lat' dir='ltr'><strong>non</strong></span> <span class='ocrx_word' id='word_1_121' title='bbox 497 1573 585 1635; x_wconf 89' lang='lat' dir='ltr'><strong>posse</strong></span> <span class='ocrx_word' id='word_1_122' title='bbox 608 1559 716 1636; x_wconf 90' lang='lat' dir='ltr'><strong>mergi,</strong></span> <span class='ocrx_word' id='word_1_123' title='bbox 745 1574 783 1616; x_wconf 89' lang='lat' dir='ltr'><strong>nc</strong></span> <span class='ocrx_word' id='word_1_124' title='bbox 806 1565 888 1617; x_wconf 91' lang='lat' dir='ltr'><strong>veste</strong></span> <span class='ocrx_word' id='word_1_125' title='bbox 912 1556 1032 1635; x_wconf 90' lang='lat' dir='ltr'><strong>quidem</strong></span> <span class='ocrx_word' id='word_1_126' title='bbox 1055 1557 1105 1617; x_wconf 91' lang='lat' dir='ltr'><strong>de·</strong></span> 
     </span>
     <span class='ocr_line' id='line_1_17' title="bbox 88 1643 1106 1726; baseline 0.002 -23"><span class='ocrx_word' id='word_1_127' title='bbox 88 1651 232 1722; x_wconf 89' lang='lat' dir='ltr'><strong>gravatos.</strong></span> <span class='ocrx_word' id='word_1_128' title='bbox 255 1644 334 1704; x_wconf 91' lang='lat' dir='ltr'><strong>haud</strong></span> <span class='ocrx_word' id='word_1_129' title='bbox 350 1643 492 1707; x_wconf 87' lang='lat' dir='ltr'><strong>dissimile</strong></span> <span class='ocrx_word' id='word_1_130' title='bbox 511 1643 558 1704; x_wconf 89' lang='lat' dir='ltr'><strong>his</strong></span> <span class='ocrx_word' id='word_1_131' title='bbox 577 1663 671 1723; x_wconf 90' lang='lat' dir='ltr'><strong>genus</strong></span> <span class='ocrx_word' id='word_1_132' title='bbox 685 1644 882 1706; x_wconf 86' lang='lat' dir='ltr'><strong>Pharmacum</strong></span> <span class='ocrx_word' id='word_1_133' title='bbox 900 1649 932 1704; x_wconf 93' lang='lat' dir='ltr'><strong>in</strong></span> <span class='ocrx_word' id='word_1_134' title='bbox 950 1645 1106 1726; x_wconf 80' lang='lat' dir='ltr'><strong>Aethiopia</strong></span> 
     </span>
     <span class='ocr_line' id='line_1_18' title="bbox 88 1731 1104 1814; baseline 0.004 -24"><span class='ocrx_word' id='word_1_135' title='bbox 88 1731 231 1814; x_wconf 86' lang='lat' dir='ltr'><strong>Damon,</strong></span> <span class='ocrx_word' id='word_1_136' title='bbox 251 1751 380 1812; x_wconf 79' lang='lat' dir='ltr'><strong>quornm</strong></span> <span class='ocrx_word' id='word_1_137' title='bbox 398 1734 490 1793; x_wconf 92' lang='lat' dir='ltr'><strong>sudor</strong></span> <span class='ocrx_word' id='word_1_138' title='bbox 506 1732 605 1793; x_wconf 89' lang='lat' dir='ltr'><strong>tabem</strong></span> <span class='ocrx_word' id='word_1_139' title='bbox 625 1736 768 1793; x_wconf 89' lang='lat' dir='ltr'><strong>contactis</strong></span> <span class='ocrx_word' id='word_1_140' title='bbox 788 1734 964 1813; x_wconf 90' lang='lat' dir='ltr'><strong>corporibus</strong></span> <span class='ocrx_word' id='word_1_141' title='bbox 983 1734 1104 1795; x_wconf 83' lang='lat' dir='ltr'><strong>adierat.</strong></span> 
     </span>
     <span class='ocr_line' id='line_1_19' title="bbox 88 1821 1158 1903; baseline 0.003 -24"><span class='ocrx_word' id='word_1_142' title='bbox 88 1822 213 1882; x_wconf 83' lang='lat' dir='ltr'><strong>laminas</strong></span> <span class='ocrx_word' id='word_1_143' title='bbox 237 1823 357 1901; x_wconf 87' lang='lat' dir='ltr'><strong>quidem</strong></span> <span class='ocrx_word' id='word_1_144' title='bbox 385 1840 488 1883; x_wconf 89' lang='lat' dir='ltr'><strong>omnes</strong></span> <span class='ocrx_word' id='word_1_145' title='bbox 515 1821 626 1900; x_wconf 87' lang='lat' dir='ltr'><strong>ubique</strong></span> <span class='ocrx_word' id='word_1_146' title='bbox 650 1824 715 1882; x_wconf 86' lang='lat' dir='ltr'><strong>visu</strong></span> <span class='ocrx_word' id='word_1_147' title='bbox 739 1840 848 1882; x_wconf 89' lang='lat' dir='ltr'><strong>nocere</strong></span> <span class='ocrx_word' id='word_1_148' title='bbox 872 1841 948 1901; x_wconf 85' lang='lat' dir='ltr'><strong>quae</strong></span> <span class='ocrx_word' id='word_1_149' title='bbox 971 1823 1104 1903; x_wconf 91' lang='lat' dir='ltr'><strong>duplices</strong></span> <span class='ocrx_word' id='word_1_150' title='bbox 1126 1828 1158 1874; x_wconf 77' lang='lat'><strong>18</strong></span> 
     </span>
    </p>

    <p class='ocr_par' dir='ltr' id='par_1_8' title="bbox 24 1905 1107 2344">
     <span class='ocr_line' id='line_1_20' title="bbox 24 1905 1106 1990; baseline 0.001 -20"><span class='ocrx_word' id='word_1_151' title='bbox 24 1905 25 1908; x_wconf 63' lang='grc'>’</span> <span class='ocrx_word' id='word_1_152' title='bbox 87 1910 214 1989; x_wconf 88' lang='lat' dir='ltr'><strong>pupillas</strong></span> <span class='ocrx_word' id='word_1_153' title='bbox 233 1909 503 1990; x_wconf 85' lang='lat' dir='ltr'><strong>habeantCicero</strong></span> <span class='ocrx_word' id='word_1_154' title='bbox 522 1929 640 1989; x_wconf 88' lang='lat' dir='ltr'><strong>quoque</strong></span> <span class='ocrx_word' id='word_1_155' title='bbox 656 1911 733 1989; x_wconf 90' lang='lat' dir='ltr'><strong>apud</strong></span> <span class='ocrx_word' id='word_1_156' title='bbox 752 1929 807 1970; x_wconf 91' lang='lat' dir='ltr'><strong>nos</strong></span> <span class='ocrx_word' id='word_1_157' title='bbox 826 1919 932 1972; x_wconf 86' lang='lat' dir='ltr'><strong>auctor</strong></span> <span class='ocrx_word' id='word_1_158' title='bbox 950 1920 1005 1972; x_wconf 84' lang='lat' dir='ltr'><strong>est.</strong></span> <span class='ocrx_word' id='word_1_159' title='bbox 1033 1912 1106 1971; x_wconf 93' lang='lat' dir='ltr'><strong>adeo</strong></span> 
     </span>
     <span class='ocr_line' id='line_1_21' title="bbox 51 1999 1106 2080; baseline 0.002 -22"><span class='ocrx_word' id='word_1_160' title='bbox 51 2013 75 2052; x_wconf 79' lang='lat'><strong>20</strong></span> <span class='ocrx_word' id='word_1_161' title='bbox 88 2007 225 2080; x_wconf 86' lang='lat' dir='ltr'><strong>naturae,</strong></span> <span class='ocrx_word' id='word_1_162' title='bbox 249 2017 318 2060; x_wconf 86' lang='lat' dir='ltr'><strong>cum</strong></span> <span class='ocrx_word' id='word_1_163' title='bbox 336 2001 468 2060; x_wconf 86' lang='lat' dir='ltr'><strong>ferarum</strong></span> <span class='ocrx_word' id='word_1_164' title='bbox 491 2007 606 2059; x_wconf 90' lang='lat' dir='ltr'><strong>morem</strong></span> <span class='ocrx_word' id='word_1_165' title='bbox 628 1999 768 2060; x_wconf 84' lang='lat' dir='ltr'><strong>vescendi</strong></span> <span class='ocrx_word' id='word_1_166' title='bbox 785 1999 922 2060; x_wconf 88' lang='lat' dir='ltr'><strong>humanis</strong></span> <span class='ocrx_word' id='word_1_167' title='bbox 941 2000 1106 2060; x_wconf 89' lang='lat' dir='ltr'><strong>visceribus</strong></span> 
     </span>
     <span class='ocr_line' id='line_1_22' title="bbox 88 2088 1107 2168; baseline 0.002 -22"><span class='ocrx_word' id='word_1_168' title='bbox 88 2089 116 2146; x_wconf 94' lang='lat' dir='ltr'><strong>in</strong></span> <span class='ocrx_word' id='word_1_169' title='bbox 141 2088 263 2148; x_wconf 84' lang='lat' dir='ltr'><strong>homine</strong></span> <span class='ocrx_word' id='word_1_170' title='bbox 286 2091 451 2168; x_wconf 82' lang='lat' dir='ltr'><strong>genuisset,</strong></span> <span class='ocrx_word' id='word_1_171' title='bbox 474 2089 596 2166; x_wconf 85' lang='lat' dir='ltr'><strong>gignere</strong></span> <span class='ocrx_word' id='word_1_172' title='bbox 620 2089 709 2148; x_wconf 91' lang='lat' dir='ltr'><strong>etiam</strong></span> <span class='ocrx_word' id='word_1_173' title='bbox 731 2090 763 2147; x_wconf 92' lang='lat' dir='ltr'><strong>in</strong></span> <span class='ocrx_word' id='word_1_174' title='bbox 786 2095 849 2148; x_wconf 92' lang='lat' dir='ltr'><strong>toto</strong></span> <span class='ocrx_word' id='word_1_175' title='bbox 873 2107 998 2166; x_wconf 89' lang='lat' dir='ltr'><strong>corpore</strong></span> <span class='ocrx_word' id='word_1_176' title='bbox 1023 2091 1107 2148; x_wconf 87' lang='lat' dir='ltr'><strong>etin</strong></span> 
     </span>
     <span class='ocr_line' id='line_1_23' title="bbox 88 2175 1107 2256; baseline -0.001 -19"><span class='ocrx_word' id='word_1_177' title='bbox 88 2177 275 2254; x_wconf 91' lang='lat' dir='ltr'><strong>quorundam</strong></span> <span class='ocrx_word' id='word_1_178' title='bbox 298 2177 393 2237; x_wconf 90' lang='lat' dir='ltr'><strong>oculis</strong></span> <span class='ocrx_word' id='word_1_179' title='bbox 413 2195 531 2255; x_wconf 88' lang='lat' dir='ltr'><strong>quoque</strong></span> <span class='ocrx_word' id='word_1_180' title='bbox 555 2194 668 2236; x_wconf 90' lang='lat' dir='ltr'><strong>venena</strong></span> <span class='ocrx_word' id='word_1_181' title='bbox 686 2175 809 2256; x_wconf 90' lang='lat' dir='ltr'><strong>placuit,</strong></span> <span class='ocrx_word' id='word_1_182' title='bbox 833 2195 871 2236; x_wconf 91' lang='lat' dir='ltr'><strong>ne</strong></span> <span class='ocrx_word' id='word_1_183' title='bbox 890 2176 961 2255; x_wconf 86' lang='lat' dir='ltr'><strong>quid</strong></span> <span class='ocrx_word' id='word_1_184' title='bbox 980 2193 1107 2254; x_wconf 86' lang='lat' dir='ltr'><strong>usquam</strong></span> 
     </span>
     <span class='ocr_line' id='line_1_24' title="bbox 87 2265 755 2344; baseline -0.001 -19"><span class='ocrx_word' id='word_1_185' title='bbox 87 2265 155 2325; x_wconf 90' lang='lat' dir='ltr'><strong>mali</strong></span> <span class='ocrx_word' id='word_1_186' title='bbox 179 2273 261 2326; x_wconf 90' lang='lat' dir='ltr'><strong>esset</strong></span> <span class='ocrx_word' id='word_1_187' title='bbox 284 2266 363 2344; x_wconf 90' lang='lat' dir='ltr'><strong>quod</strong></span> <span class='ocrx_word' id='word_1_188' title='bbox 386 2269 418 2325; x_wconf 91' lang='lat' dir='ltr'><strong>in</strong></span> <span class='ocrx_word' id='word_1_189' title='bbox 441 2265 560 2325; x_wconf 91' lang='lat' dir='ltr'><strong>homine</strong></span> <span class='ocrx_word' id='word_1_190' title='bbox 583 2283 644 2324; x_wconf 91' lang='lat' dir='ltr'><strong>non</strong></span> <span class='ocrx_word' id='word_1_191' title='bbox 667 2273 755 2325; x_wconf 89' lang='lat' dir='ltr'><strong>essct.</strong></span> 
     </span>
    </p>

    <p class='ocr_par' dir='ltr' id='par_1_9' title="bbox 51 2352 1169 3036">
     <span class='ocr_line' id='line_1_25' title="bbox 153 2352 1158 2433; baseline -0.001 -19"><span class='ocrx_word' id='word_1_192' title='bbox 153 2353 240 2414; x_wconf 88' lang='lat' dir='ltr'><strong>Haud</strong></span> <span class='ocrx_word' id='word_1_193' title='bbox 267 2355 377 2433; x_wconf 88' lang='lat' dir='ltr'><strong>procul</strong></span> <span class='ocrx_word' id='word_1_194' title='bbox 401 2353 476 2414; x_wconf 91' lang='lat' dir='ltr'><strong>nrbe</strong></span> <span class='ocrx_word' id='word_1_195' title='bbox 500 2353 591 2414; x_wconf 88' lang='lat' dir='ltr'><strong>Roma</strong></span> <span class='ocrx_word' id='word_1_196' title='bbox 620 2357 651 2414; x_wconf 94' lang='lat' dir='ltr'><strong>in</strong></span> <span class='ocrx_word' id='word_1_197' title='bbox 674 2353 857 2414; x_wconf 88' lang='lat' dir='ltr'><strong>Faliscorum</strong></span> <span class='ocrx_word' id='word_1_198' title='bbox 886 2371 956 2432; x_wconf 91' lang='lat' dir='ltr'><strong>agro</strong></span> <span class='ocrx_word' id='word_1_199' title='bbox 980 2352 1158 2413; x_wconf 70' lang='lat' dir='ltr'><strong>facultatem</strong></span> 
     </span>
     <span class='ocr_line' id='line_1_26' title="bbox 52 2440 1105 2523; baseline 0 -21"><span class='ocrx_word' id='word_1_200' title='bbox 52 2453 75 2493; x_wconf 78' lang='lat'><strong>2⁵</strong></span> <span class='ocrx_word' id='word_1_201' title='bbox 90 2451 159 2503; x_wconf 89' lang='lat' dir='ltr'><strong>sunt</strong></span> <span class='ocrx_word' id='word_1_202' title='bbox 185 2461 298 2523; x_wconf 91' lang='lat' dir='ltr'><strong>paucae</strong></span> <span class='ocrx_word' id='word_1_203' title='bbox 327 2461 403 2522; x_wconf 81' lang='lat' dir='ltr'><strong>quae</strong></span> <span class='ocrx_word' id='word_1_204' title='bbox 430 2450 575 2503; x_wconf 87' lang='lat' dir='ltr'><strong>vocantur</strong></span> <span class='ocrx_word' id='word_1_205' title='bbox 602 2440 696 2521; x_wconf 92' lang='lat' dir='ltr'><strong>Hirpi.</strong></span> <span class='ocrx_word' id='word_1_206' title='bbox 749 2441 803 2503; x_wconf 90' lang='lat' dir='ltr'><strong>hae</strong></span> <span class='ocrx_word' id='word_1_207' title='bbox 833 2443 978 2502; x_wconf 83' lang='lat' dir='ltr'><strong>sacrificio</strong></span> <span class='ocrx_word' id='word_1_208' title='bbox 1007 2460 1105 2502; x_wconf 92' lang='lat' dir='ltr'><strong>annuo</strong></span> 
     </span>
     <span class='ocr_line' id='line_1_27' title="bbox 89 2530 1165 2610; baseline 0.005 -19"><span class='ocrx_word' id='word_1_209' title='bbox 89 2532 166 2608; x_wconf 87' lang='lat' dir='ltr'><strong>quod</strong></span> <span class='ocrx_word' id='word_1_210' title='bbox 195 2533 229 2592; x_wconf 88' lang='lat' dir='ltr'><strong>tit</strong></span> <span class='ocrx_word' id='word_1_211' title='bbox 257 2532 293 2592; x_wconf 92' lang='lat' dir='ltr'><strong>ad</strong></span> <span class='ocrx_word' id='word_1_212' title='bbox 324 2539 456 2592; x_wconf 87' lang='lat' dir='ltr'><strong>montem</strong></span> <span class='ocrx_word' id='word_1_213' title='bbox 485 2531 638 2592; x_wconf 87' lang='lat' dir='ltr'><strong>Soractem</strong></span> <span class='ocrx_word' id='word_1_214' title='bbox 665 2530 792 2610; x_wconf 80' lang='lat' dir='ltr'><strong>Apollini</strong></span> <span class='ocrx_word' id='word_1_215' title='bbox 822 2549 913 2610; x_wconf 89' lang='lat' dir='ltr'><strong>snper</strong></span> <span class='ocrx_word' id='word_1_216' title='bbox 941 2531 1107 2592; x_wconf 87' lang='lat' dir='ltr'><strong>ambustam</strong></span> <span class='ocrx_word' id='word_1_217' title='bbox 1161 2587 1165 2596; x_wconf 22' lang='grc' dir='ltr'><em>Α</em></span> 
     </span>
     <span class='ocr_line' id='line_1_28' title="bbox 87 2602 1169 2700; baseline 0.002 -23"><span class='ocrx_word' id='word_1_218' title='bbox 87 2618 159 2698; x_wconf 91' lang='lat' dir='ltr'><strong>ligni</strong></span> <span class='ocrx_word' id='word_1_219' title='bbox 183 2628 298 2681; x_wconf 90' lang='lat' dir='ltr'><strong>struem</strong></span> <span class='ocrx_word' id='word_1_220' title='bbox 321 2619 506 2681; x_wconf 82' lang='lat' dir='ltr'><strong>ambulantes</strong></span> <span class='ocrx_word' id='word_1_221' title='bbox 529 2638 589 2680; x_wconf 93' lang='lat' dir='ltr'><strong>non</strong></span> <span class='ocrx_word' id='word_1_222' title='bbox 608 2621 784 2700; x_wconf 90' lang='lat' dir='ltr'><strong>aduruntur,</strong></span> <span class='ocrx_word' id='word_1_223' title='bbox 808 2626 838 2680; x_wconf 90' lang='lat' dir='ltr'><strong>et</strong></span> <span class='ocrx_word' id='word_1_224' title='bbox 856 2619 894 2680; x_wconf 94' lang='lat' dir='ltr'><strong>ob</strong></span> <span class='ocrx_word' id='word_1_225' title='bbox 912 2621 942 2680; x_wconf 96' lang='lat' dir='ltr'><strong>id</strong></span> <span class='ocrx_word' id='word_1_226' title='bbox 960 2626 1105 2699; x_wconf 87' lang='lat' dir='ltr'><strong>perpetuo</strong></span> <span class='ocrx_word' id='word_1_227' title='bbox 1160 2602 1169 2644; x_wconf 49' lang='lat'><strong>‘¹</strong></span> 
     </span>
     <span class='ocr_line' id='line_1_29' title="bbox 89 2709 1104 2788; baseline 0.001 -21"><span class='ocrx_word' id='word_1_228' title='bbox 89 2709 347 2769; x_wconf 88' lang='lat' dir='ltr'><strong>senatusconsulto</strong></span> <span class='ocrx_word' id='word_1_229' title='bbox 370 2709 491 2769; x_wconf 91' lang='lat' dir='ltr'><strong>militiae</strong></span> <span class='ocrx_word' id='word_1_230' title='bbox 515 2711 716 2788; x_wconf 83' lang='lat' dir='ltr'><strong>omniumque·</strong></span> <span class='ocrx_word' id='word_1_231' title='bbox 731 2709 856 2769; x_wconf 92' lang='lat' dir='ltr'><strong>aliorum</strong></span> <span class='ocrx_word' id='word_1_232' title='bbox 879 2727 1038 2769; x_wconf 91' lang='lat' dir='ltr'><strong>munerum</strong></span> <span class='ocrx_word' id='word_1_233' title='bbox 1059 2727 1104 2768; x_wconf 88' lang='lat' dir='ltr'><strong>va·</strong></span> 
     </span>
     <span class='ocr_line' id='line_1_30' title="bbox 89 2796 1160 2878; baseline 0.001 -23"><span class='ocrx_word' id='word_1_234' title='bbox 89 2800 236 2858; x_wconf 80' lang='lat' dir='ltr'><strong>rationem</strong></span> <span class='ocrx_word' id='word_1_235' title='bbox 259 2797 376 2858; x_wconf 87' lang='lat' dir='ltr'><strong>habent.</strong></span> <span class='ocrx_word' id='word_1_236' title='bbox 407 2799 594 2876; x_wconf 91' lang='lat' dir='ltr'><strong>quorundam</strong></span> <span class='ocrx_word' id='word_1_237' title='bbox 617 2799 736 2878; x_wconf 91' lang='lat' dir='ltr'><strong>corpori</strong></span> <span class='ocrx_word' id='word_1_238' title='bbox 758 2807 859 2877; x_wconf 84' lang='lat' dir='ltr'><strong>partes</strong></span> <span class='ocrx_word' id='word_1_239' title='bbox 882 2805 1047 2859; x_wconf 89' lang='lat' dir='ltr'><strong>nascuntur</strong></span> <span class='ocrx_word' id='word_1_240' title='bbox 1070 2796 1105 2856; x_wconf 93' lang='lat' dir='ltr'><strong>ad</strong></span> <span class='ocrx_word' id='word_1_241' title='bbox 1124 2802 1160 2851; x_wconf 74' lang='lat'><strong>20</strong></span> 
     </span>
     <span class='ocr_line' id='line_1_31' title="bbox 51 2885 1106 2967; baseline 0.001 -23"><span class='ocrx_word' id='word_1_242' title='bbox 51 2897 76 2936; x_wconf 70' lang='lat'><strong>³0</strong></span> <span class='ocrx_word' id='word_1_243' title='bbox 90 2885 185 2966; x_wconf 81' lang='lat' dir='ltr'><strong>aliqua</strong></span> <span class='ocrx_word' id='word_1_244' title='bbox 213 2885 377 2967; x_wconf 89' lang='lat' dir='ltr'><strong>mirabiles,</strong></span> <span class='ocrx_word' id='word_1_245' title='bbox 408 2889 486 2947; x_wconf 89' lang='lat' dir='ltr'><strong>sicut</strong></span> <span class='ocrx_word' id='word_1_246' title='bbox 507 2885 603 2966; x_wconf 78' lang='lat' dir='ltr'><strong>Pyrro</strong></span> <span class='ocrx_word' id='word_1_247' title='bbox 626 2889 691 2965; x_wconf 91' lang='lat' dir='ltr'><strong>regi</strong></span> <span class='ocrx_word' id='word_1_248' title='bbox 712 2887 811 2965; x_wconf 86' lang='lat' dir='ltr'><strong>pollex</strong></span> <span class='ocrx_word' id='word_1_249' title='bbox 838 2888 869 2946; x_wconf 92' lang='lat' dir='ltr'><strong>in</strong></span> <span class='ocrx_word' id='word_1_250' title='bbox 893 2887 998 2946; x_wconf 84' lang='lat' dir='ltr'><strong>dextro</strong></span> <span class='ocrx_word' id='word_1_251' title='bbox 1018 2886 1106 2966; x_wconf 87' lang='lat' dir='ltr'><strong>pede,</strong></span> 
     </span>
     <span class='ocr_line' id='line_1_32' title="bbox 89 2973 1105 3036; baseline 0.002 -4"><span class='ocrx_word' id='word_1_252' title='bbox 89 2977 174 3035; x_wconf 75' lang='lat' dir='ltr'><strong>ciuus</strong></span> <span class='ocrx_word' id='word_1_253' title='bbox 198 2983 279 3036; x_wconf 85' lang='lat' dir='ltr'><strong>tactu</strong></span> <span class='ocrx_word' id='word_1_254' title='bbox 307 2975 428 3035; x_wconf 88' lang='lat' dir='ltr'><strong>lienosis</strong></span> <span class='ocrx_word' id='word_1_255' title='bbox 452 2973 634 3036; x_wconf 86' lang='lat' dir='ltr'><strong>medebatur.</strong></span> <span class='ocrx_word' id='word_1_256' title='bbox 684 2975 764 3036; x_wconf 90' lang='lat' dir='ltr'><strong>hunc</strong></span> <span class='ocrx_word' id='word_1_257' title='bbox 792 2976 918 3035; x_wconf 88' lang='lat' dir='ltr'><strong>cremari</strong></span> <span class='ocrx_word' id='word_1_258' title='bbox 945 2993 1014 3036; x_wconf 92' lang='lat' dir='ltr'><strong>cum</strong></span> <span class='ocrx_word' id='word_1_259' title='bbox 1037 2974 1105 3034; x_wconf 88' lang='lat' dir='ltr'><strong>reli·</strong></span> 
     </span>
    </p>
   </div>
   <div class='ocr_carea' id='block_1_3' title="bbox 88 3215 1106 3715">
    <p class='ocr_par' dir='ltr' id='par_1_10' title="bbox 88 3215 1106 3571">
     <span class='ocr_line' id='line_1_33' title="bbox 159 3215 1106 3286; baseline -0.003 -15"><span class='ocrx_word' id='word_1_260' title='bbox 159 3225 174 3271; x_wconf 91' lang='lat'>1</span> <span class='ocrx_word' id='word_1_261' title='bbox 202 3222 334 3274; x_wconf 81' lang='lat' dir='ltr'><strong>coeuntes</strong></span> <span class='ocrx_word' id='word_1_262' title='bbox 359 3225 391 3273; x_wconf 64' lang='lat' dir='ltr'><strong>It</strong></span> <span class='ocrx_word' id='word_1_263' title='bbox 420 3218 552 3272; x_wconf 82' lang='lat' dir='ltr'><strong>-tibuar</strong></span> <span class='ocrx_word' id='word_1_264' title='bbox 638 3223 740 3286; x_wconf 78' lang='lat' dir='ltr'><strong>dpost</strong></span> <span class='ocrx_word' id='word_1_265' title='bbox 763 3216 981 3286; x_wconf 74' lang='lat' dir='ltr'><strong>Nymphodorus</strong></span> <span class='ocrx_word' id='word_1_266' title='bbox 1007 3215 1106 3270; x_wconf 81' lang='lat' dir='ltr'><strong>habeut</strong></span> 
     </span>
     <span class='ocr_line' id='line_1_34' title="bbox 88 3285 1104 3360; baseline -0.001 -19"><span class='ocrx_word' id='word_1_267' title='bbox 88 3289 203 3344; x_wconf 82' lang='lat' dir='ltr'><strong>tradunt</strong></span> <span class='ocrx_word' id='word_1_268' title='bbox 220 3291 256 3342; x_wconf 72' lang='lat'><strong>11²</strong></span> <span class='ocrx_word' id='word_1_269' title='bbox 273 3290 351 3360; x_wconf 82' lang='lat' dir='ltr'><strong>Rob,</strong></span> <span class='ocrx_word' id='word_1_270' title='bbox 377 3306 469 3347; x_wconf 84' lang='lat' dir='ltr'><strong>om..r</strong></span> <span class='ocrx_word' id='word_1_271' title='bbox 558 3291 663 3344; x_wconf 68' lang='lat' dir='ltr'><strong>utet</strong></span> <span class='ocrx_word' id='word_1_272' title='bbox 684 3289 766 3342; x_wconf 76' lang='lat' dir='ltr'><strong>illinis</strong></span> <span class='ocrx_word' id='word_1_273' title='bbox 785 3287 822 3341; x_wconf 66' lang='lat' dir='ltr'><strong>a*</strong></span> <span class='ocrx_word' id='word_1_274' title='bbox 851 3290 880 3342; x_wconf 83' lang='lat' dir='ltr'><strong>et</strong></span> <span class='ocrx_word' id='word_1_275' title='bbox 901 3285 1011 3340; x_wconf 83' lang='lat' dir='ltr'><strong>illiricis</strong></span> <span class='ocrx_word' id='word_1_276' title='bbox 1034 3285 1104 3340; x_wconf 84' lang='lat' dir='ltr'><strong>Rob</strong></span> 
     </span>
     <span class='ocr_line' id='line_1_35' title="bbox 89 3357 1104 3432; baseline -0.003 -20"><span class='ocrx_word' id='word_1_277' title='bbox 89 3361 138 3426; x_wconf 77' lang='lat' dir='ltr'><strong>cfr.</strong></span> <span class='ocrx_word' id='word_1_278' title='bbox 158 3361 228 3416; x_wconf 75' lang='lat' dir='ltr'><strong>Gett</strong></span> <span class='ocrx_word' id='word_1_279' title='bbox 246 3364 335 3432; x_wconf 86' lang='lat' dir='ltr'><strong>IX4,</strong></span> <span class='ocrx_word' id='word_1_280' title='bbox 346 3365 373 3417; x_wconf 91' lang='lat'><em>8</em></span> <span class='ocrx_word' id='word_1_281' title='bbox 392 3377 443 3416; x_wconf 84' lang='lat' dir='ltr'><strong>om.</strong></span> <span class='ocrx_word' id='word_1_282' title='bbox 462 3377 485 3414; x_wconf 81' lang='lat' dir='ltr'><strong>r.</strong></span> <span class='ocrx_word' id='word_1_283' title='bbox 554 3365 587 3413; x_wconf 89' lang='lat'><strong>11</strong></span> <span class='ocrx_word' id='word_1_284' title='bbox 607 3358 676 3414; x_wconf 79' lang='lat' dir='ltr'><strong>ciue</strong></span> <span class='ocrx_word' id='word_1_285' title='bbox 693 3361 738 3427; x_wconf 68' lang='lat'><strong>12²,</strong></span> <span class='ocrx_word' id='word_1_286' title='bbox 757 3375 807 3414; x_wconf 86' lang='lat' dir='ltr'><strong>om.</strong></span> <span class='ocrx_word' id='word_1_287' title='bbox 825 3359 870 3412; x_wconf 75' lang='lat'><strong>12¹.</strong></span> <span class='ocrx_word' id='word_1_288' title='bbox 898 3357 1026 3412; x_wconf 80' lang='lat' dir='ltr'><strong>uitiaer.</strong></span> <span class='ocrx_word' id='word_1_289' title='bbox 1054 3357 1104 3422; x_wconf 71' lang='lat' dir='ltr'><strong>cfr.-</strong></span> 
     </span>
     <span class='ocr_line' id='line_1_36' title="bbox 89 3403 1105 3501; baseline -0.005 -17"><span class='ocrx_word' id='word_1_290' title='bbox 89 3403 875 3501; x_wconf 53' lang='grc' dir='ltr'><strong>88188101.118188881811ν111813ο.</strong></span> <span class='ocrx_word' id='word_1_291' title='bbox 967 3433 1000 3480; x_wconf 79' lang='lat'><strong>12</strong></span> <span class='ocrx_word' id='word_1_292' title='bbox 1023 3427 1105 3480; x_wconf 82' lang='lat' dir='ltr'><strong>tibio·</strong></span> 
     </span>
     <span class='ocr_line' id='line_1_37' title="bbox 89 3475 1033 3574; baseline -0.005 -18"><span class='ocrx_word' id='word_1_293' title='bbox 89 3519 150 3556; x_wconf 85' lang='lat' dir='ltr'><strong>mm</strong></span> <span class='ocrx_word' id='word_1_294' title='bbox 167 3509 200 3559; x_wconf 82' lang='lat' dir='ltr'>B</span> <span class='ocrx_word' id='word_1_295' title='bbox 223 3475 259 3557; x_wconf 75' lang='lat' dir='ltr'><strong>’th</strong></span> <span class='ocrx_word' id='word_1_296' title='bbox 259 3503 430 3574; x_wconf 80' lang='lat' dir='ltr'><strong>ybiorumr.</strong></span> <span class='ocrx_word' id='word_1_297' title='bbox 504 3508 537 3556; x_wconf 88' lang='grc'><strong>16</strong></span> <span class='ocrx_word' id='word_1_298' title='bbox 560 3502 736 3571; x_wconf 81' lang='lat' dir='ltr'><strong>phumacum</strong></span> <span class='ocrx_word' id='word_1_299' title='bbox 755 3507 787 3554; x_wconf 72' lang='lat' dir='ltr'><strong>lt.</strong></span> <span class='ocrx_word' id='word_1_300' title='bbox 815 3501 867 3567; x_wconf 76' lang='lat' dir='ltr'><strong>cfr</strong></span> <span class='ocrx_word' id='word_1_301' title='bbox 885 3499 959 3553; x_wconf 83' lang='lat' dir='ltr'><strong>Detl.</strong></span> <span class='ocrx_word' id='word_1_302' title='bbox 979 3500 996 3552; x_wconf 85' lang='grc'><strong>1.</strong></span> <span class='ocrx_word' id='word_1_303' title='bbox 1016 3499 1033 3551; x_wconf 83' lang='lat' dir='ltr'><strong>l.</strong></span> 
     </span>
    </p>

    <p class='ocr_par' dir='ltr' id='par_1_11' title="bbox 90 3566 1105 3715">
     <span class='ocr_line' id='line_1_38' title="bbox 90 3566 1105 3644; baseline -0.005 -19"><span class='ocrx_word' id='word_1_304' title='bbox 90 3580 122 3627; x_wconf 77' lang='lat'><strong>17</strong></span> <span class='ocrx_word' id='word_1_305' title='bbox 140 3575 267 3644; x_wconf 85' lang='lat' dir='ltr'><strong>prodidit</strong></span> <span class='ocrx_word' id='word_1_306' title='bbox 283 3575 393 3630; x_wconf 84' lang='lat' dir='ltr'><strong>Damon</strong></span> <span class='ocrx_word' id='word_1_307' title='bbox 411 3573 511 3629; x_wconf 77' lang='lat' dir='ltr'><strong>aneo.</strong></span> <span class='ocrx_word' id='word_1_308' title='bbox 525 3590 549 3627; x_wconf 84' lang='lat' dir='ltr'><strong>o.</strong></span> <span class='ocrx_word' id='word_1_309' title='bbox 567 3571 697 3642; x_wconf 79' lang='lat' dir='ltr'><strong>ladfcrat</strong></span> <span class='ocrx_word' id='word_1_310' title='bbox 713 3578 788 3627; x_wconf 72' lang='lat' dir='ltr'><strong>noo</strong></span> <span class='ocrx_word' id='word_1_311' title='bbox 812 3569 949 3627; x_wconf 72' lang='lat' dir='ltr'><strong>efferate.</strong></span> <span class='ocrx_word' id='word_1_312' title='bbox 1000 3573 1035 3621; x_wconf 82' lang='lat'><strong>30</strong></span> <span class='ocrx_word' id='word_1_313' title='bbox 1054 3566 1105 3620; x_wconf 82' lang='lat' dir='ltr'><strong>ali·</strong></span> 
     </span>
     <span class='ocr_line' id='line_1_39' title="bbox 90 3639 753 3715; baseline 0 -17"><span class='ocrx_word' id='word_1_314' title='bbox 90 3661 145 3712; x_wconf 85' lang='lat' dir='ltr'><strong>qua</strong></span> <span class='ocrx_word' id='word_1_315' title='bbox 163 3647 201 3700; x_wconf 68' lang='lat'><strong>2²</strong></span> <span class='ocrx_word' id='word_1_316' title='bbox 225 3663 283 3701; x_wconf 69' lang='lat' dir='ltr'><strong>nm</strong></span> <span class='ocrx_word' id='word_1_317' title='bbox 300 3647 345 3701; x_wconf 67' lang='lat'><strong>12²</strong></span> <span class='ocrx_word' id='word_1_318' title='bbox 373 3639 484 3715; x_wconf 84' lang='lat' dir='ltr'><strong>aliaque</strong></span> <span class='ocrx_word' id='word_1_319' title='bbox 504 3644 541 3698; x_wconf 69' lang='lat'><strong>2¹.</strong></span> <span class='ocrx_word' id='word_1_320' title='bbox 570 3644 753 3712; x_wconf 83' lang='lat' dir='ltr'><strong>aliaquomr.</strong></span> 
     </span>
    </p>
   </div>
   <div class='ocr_carea' id='block_1_4' title="bbox 0 0 1326 3950">
    <p class='ocr_par' dir='ltr' id='par_1_12' title="bbox 0 0 1326 3950">
     <span class='ocr_line' id='line_1_40' title="bbox 0 0 1326 3950; baseline 0 0"><span class='ocrx_word' id='word_1_321' title='bbox 0 0 1326 3950; x_wconf 95' lang='lat' dir='ltr'><strong> </strong></span> 
     </span>
    </p>
   </div>
  </div>
 </body>
</html>
