2624 3954
377 131 462 186 ner.
480 93 573 186 rusa.
592 131 630 186 xr
649 137 683 186 ea
704 132 830 202 (es-eo)
1047 129 1112 197 261

6 349 7 356 χ
93 300 165 344 ossa
183 289 359 344 recrescunt
377 290 586 361 praeterquam
604 283 745 343 veterinis
765 279 801 342 ab
820 282 932 362 ungula
950 281 987 344 ad
1010 283 1115 345 suffra·

6 365 8 434 ἶ
94 374 205 452 ginem.
241 370 330 432 bomo
350 373 463 432 crescit
479 373 510 431 in
529 370 746 450 longitudinem
768 388 864 451 usque
888 370 925 433 ad
949 379 997 433 ter
1019 379 1115 452 septe-

93 479 153 521 nos
177 477 283 541 annos,
310 467 373 521 tum
398 459 505 521 deinde
533 459 569 519 ad
596 459 819 539 plenitudinem.
864 463 990 522 maxime
1018 469 1117 524 autem

94 549 266 629 pubescens
294 548 406 610 nodum
433 548 581 628 quendam
609 549 738 630 solvere,
769 557 799 610 et
830 551 990 630 praecipue
1023 553 1115 630 aegri·

65 651 79 691 ⁵
95 637 216 719 tudine,
239 639 376 698 sentitur.

165 720 248 808 (88)
285 725 376 787 Nervi
403 729 465 787 orsi
493 745 509 786 a
536 727 626 788 corde
654 726 826 807 bubrdoque
860 729 949 788 etiam
981 729 1169 790 circum-21⁷

94 816 191 879 voluti
221 815 349 877 similem
379 823 516 877 naturam
546 824 576 877 et
606 833 725 877 causam
759 815 885 898 babent,
917 819 948 877 in
978 817 1117 879 omnibus
1154 818 1158 826 '

95 904 221 966 lubricis
240 903 378 984 applicati
397 904 516 966 ossibus
539 905 693 985 nodosque
713 915 883 986 corporum,
902 908 954 985 qui
973 914 1117 968 vocantur

96 993 229 1075 articuli,
259 992 350 1054 aliubi
377 994 561 1076 interventu,
592 993 683 1055 aliubi
713 993 839 1076 ambitu,
869 994 960 1056 aliubi
989 996 1116 1056 transitu

53 1097 82 1137 ro
95 1083 236 1164 ligantes,
265 1083 314 1144 bic
341 1090 467 1164 teretes,
499 1082 559 1144 illic
586 1083 652 1165 lati,
683 1091 718 1144 ut
747 1085 779 1144 in
808 1101 990 1163 unoquoque
1021 1086 1119 1164 puscit

96 1172 244 1252 figuratio.
294 1190 350 1232 nee
373 1171 405 1232 bi
428 1171 594 1233 solidantur
619 1174 720 1254 incisi,
748 1175 916 1252 mirumque
944 1172 1108 1234 uulneratis
1118 1179 1171 1229 218

97 1279 234 1323 summus
257 1260 355 1342 dolor,
376 1263 541 1340 praesectis
564 1261 672 1323 nullus.
719 1263 783 1323 sine
806 1264 907 1322 nervis
934 1269 1006 1323 sunt
1029 1280 1117 1342 quae-

97 1351 166 1412 dam
185 1350 328 1431 animalia,
351 1357 385 1411 ut
403 1351 509 1432 pisces,
533 1352 651 1412 arteriis
671 1352 750 1412 enim
774 1359 920 1433 constant,
943 1350 995 1412 sed
1020 1369 1117 1430 neque

96 1439 145 1522 bis
175 1438 279 1500 molles
308 1440 434 1518 piscium
463 1442 590 1519 generis.
643 1439 695 1501 ubi
725 1448 796 1501 sunt
824 1443 922 1523 nervi,
957 1441 1117 1501 interiores

54 1542 83 1582 15
98 1528 272 1589 conducunt
293 1525 438 1610 membra,
461 1531 632 1608 superiores
655 1537 804 1590 revocant.

167 1610 241 1700 (89)
264 1616 347 1678 luter
364 1617 420 1678 hos
438 1617 530 1679 latent
549 1620 685 1700 arteriae,
707 1618 737 1678 id
757 1625 804 1680 est
822 1620 946 1699 spiritus
970 1619 1169 1700 semitae3219
1236 1695 1237 1700 ἵ

97 1705 146 1766 bis
168 1709 303 1768 innatant
326 1724 425 1788 venae,
448 1707 477 1768 id
502 1714 549 1769 est
572 1709 724 1786 sanguinis
747 1709 812 1768 riri.
848 1710 1027 1769 arteriarum
1049 1706 1114 1787 pul-

99 1813 151 1856 sus
174 1798 205 1856 in
229 1797 381 1857 cacumine
404 1798 530 1857 maxime
554 1796 757 1858 membrorum
780 1796 913 1879 evidens,
941 1797 1030 1858 index
1053 1798 1117 1856 lere

98 1884 281 1968 morborum,
299 1887 330 1946 in
349 1884 485 1946 modulos
504 1893 603 1946 certos
616 1885 756 1964 legesque
775 1887 914 1946 metricas
933 1903 987 1965 per
1005 1892 1117 1945 aetates

55 1989 85 2029 eo
99 2007 142 2016 ——
162 1973 276 2034 stabilis
300 1981 350 2035 aut
373 1975 481 2034 citatus
505 1981 556 2035 aut
577 1973 743 2034 tardus-
763 1973 925 2053 discriptus
948 1973 984 2034 ab
1006 1972 1116 2032 llero-

99 2062 198 2141 philo
218 2062 382 2123 medicinae
401 2070 466 2124 vate
485 2062 618 2123 miranda
637 2069 710 2122 arte.
741 2064 863 2122 nimiam
880 2069 1005 2142 propter
1023 2063 1116 2141 supti-

100 2150 212 2211 litatem
242 2150 381 2211 desertus
411 2149 617 2211 observatione
648 2157 747 2211 tamen
777 2148 876 2211 crebri
906 2157 957 2210 aut
985 2149 1117 2229 languidi

100 2239 178 2300 ictus
201 2238 402 2318 gubernacula
424 2240 501 2299 vitae
524 2246 679 2318 temperat.
724 2241 850 2300 arteriae
879 2247 982 2300 carent
1009 2244 1171 2319 sensurae

100 2345 168 2388 narn
191 2336 222 2389 et
245 2329 397 2408 sanguine.
442 2345 499 2388 nec
527 2345 630 2390 omnes
652 2328 770 2389 vitalem
794 2330 948 2389 continent
971 2329 1117 2409 spiritum,

59 2431 87 2472 aa
100 2419 303 2497 praecisisque
326 2418 471 2496 torpescit
492 2423 608 2478 tantum
631 2433 700 2497 pars
724 2435 758 2478 ea
782 2419 924 2496 corporis
970 2435 1039 2477 ares
1061 2434 1118 2477 neo

100 2525 189 2567 venas
213 2525 269 2568 nec
293 2508 418 2567 arterias
440 2504 559 2588 babent,
581 2508 654 2567 item
678 2513 846 2587 serpentes,
869 2506 1049 2588 testudines,
1077 2505 1117 2566 la·

102 2595 453 2678 certae,·minimumque
477 2597 639 2674 sanguinis.

167 2683 265 2745 Venae
293 2687 324 2744 in
351 2690 529 2764 praetenues
556 2691 708 2764 postremo
736 2683 867 2746 fimbrias
894 2692 998 2764 supter
1026 2691 1117 2744 totam

102 2832 315 2844 *—

174 2914 197 2962 1.
213 2915 229 2962 2
253 2908 433 2981 suffraginem
452 2911 492 2965 ed.
506 2909 574 2964 Bas.
609 2925 658 2964 -na
676 2909 703 2964 d.
714 2910 844 2964 addocti
935 2914 950 2962 2
974 2907 1076 2963 crescit
1092 2926 1117 2964 o.

101 2996 150 3035 om.
170 2981 198 3035 ll.
217 2979 223 3052 Ι
243 2987 392 3051 usque—3
408 2979 615 3052 plenitudinem
632 2997 683 3036 om.
701 2980 746 3034 1t1.
818 2985 834 3034 2
853 2995 942 3049 usque
961 2979 998 3034 ad
1015 2981 1059 3034 ter
1072 2979 1116 3033 κ’.

101 3051 137 3106 ad
155 3068 243 3106 annos
260 3069 347 3123 usque
366 3053 410 3107 ter
427 3069 452 3107 o.
480 3052 562 3122 utqui
575 3052 611 3106 ad
625 3054 669 3107 ter
682 3055 707 3106 d.
734 3051 816 3120 utqui
831 3053 887 3120 (ue
902 3051 928 3120 ι)
944 3053 1004 3106 aior
1017 3067 1040 3105 r.

101 3130 116 3178 3
136 3139 222 3178 annos
240 3123 311 3179 2¹1).
335 3140 385 3179 om.
405 3127 472 3179 edo.
546 3129 580 3178 10
598 3125 631 3178 ui
648 3123 678 3177 in
696 3138 864 3192 unoquoque
883 3125 928 3176 de.
956 3124 989 3176 ut
1006 3137 1117 3191 quoque

101 3201 151 3249 Ito.
183 3197 213 3250 et
229 3195 353 3264 hubique
372 3211 426 3266 que
444 3200 475 3249 e.
567 3200 600 3248 11
619 3210 672 3249 nee
690 3194 721 3248 hi
738 3195 810 3247 NR.
842 3209 877 3248 ne
896 3193 928 3246 hi
945 3210 970 3246 ι.
1002 3192 1074 3264 nelli
1091 3196 1116 3244 d.

102 3265 163 3320 neci
179 3266 211 3320 hi
229 3265 272 3320 ili.
299 3281 391 3336 neque
409 3267 431 3320 ii
448 3283 472 3323 o.
503 3267 508 3336 Ι
538 3265 694 3321 solidantur
711 3270 763 3320 Bo.
796 3264 860 3319 seli·
879 3263 923 3317 1l¹.
956 3263 1031 3318 salli·
1050 3262 1116 3315 illo.

103 3335 162 3392 alli·
176 3341 201 3392 d.
265 3339 485 3393 tinnientes.
550 3342 584 3392 18
603 3337 794 3392 membrarum
806 3340 838 3390 e.
904 3341 936 3388 19
955 3333 1116 3388 morborum

103 3411 174 3462 lide.
203 3409 391 3464 membrorum
405 3413 489 3464 liis.
508 3409 515 3478 l
535 3407 715 3464 meretrices
733 3412 790 3460 Xe.
864 3411 898 3460 20
918 3403 1028 3459 stabilis
1041 3407 1115 3458 Belo.

103 3479 187 3533 taulis
204 3484 239 3533 X.
268 3481 489 3535 tribulacione.
562 3486 606 3536 20.
616 3485 649 3534 21
670 3479 732 3534 diat.
753 3492 800 3548 epo
818 3477 877 3531 coll.
901 3477 1004 3528 XXIX
1018 3480 1044 3530 6.

105 3555 137 3604 23
155 3551 296 3620 temperat
312 3555 417 3607 undo.
446 3553 523 3606 mant
538 3557 570 3606 lt.
599 3553 655 3606 net
671 3566 697 3604 ι.
778 3552 813 3603 28
831 3547 861 3600 in
879 3562 930 3602 orn.
948 3548 1000 3598 Bd.
1027 3547 1031 3614 l
1055 3545 1116 3596 lim-

106 3620 180 3676 brias
197 3621 273 3677 W.
301 3639 358 3678 -ras
376 3629 407 3678 li.
435 3622 521 3679 fibras
539 3622 597 3678 12²2
614 3623 647 3678 in
664 3635 719 3678 ras.
738 3623 785 3674 do.
