<?xml version="1.0" encoding="UTF-8"?>
<!DOCTYPE html PUBLIC "-//W3C//DTD XHTML 1.0 Transitional//EN"
    "http://www.w3.org/TR/xhtml1/DTD/xhtml1-transitional.dtd">
<html xmlns="http://www.w3.org/1999/xhtml" xml:lang="en" lang="en">
 <head>
  <title>
</title>
<meta http-equiv="Content-Type" content="text/html;charset=utf-8" />
  <meta name='ocr-system' content='tesseract 3.04.00' />
  <meta name='ocr-capabilities' content='ocr_page ocr_carea ocr_par ocr_line ocrx_word'/>
</head>
<body>
  <div class='ocr_page' id='page_1' title='image "./cplinisecundina02mayhgoog_0398.png"; bbox 0 0 2606 3952; ppageno 0'>
   <div class='ocr_carea' id='block_1_1' title="bbox 390 151 1085 223">
    <p class='ocr_par' dir='ltr' id='par_1_1' title="bbox 390 151 1085 223">
     <span class='ocr_line' id='line_1_1' title="bbox 390 151 1085 223; baseline 0.019 -17"><span class='ocrx_word' id='word_1_1' title='bbox 390 153 474 207; x_wconf 81' lang='lat' dir='ltr'>unu.</span> <span class='ocrx_word' id='word_1_2' title='bbox 493 151 586 207; x_wconf 77' lang='lat' dir='ltr'>Hiar.</span> <span class='ocrx_word' id='word_1_3' title='bbox 606 151 672 206; x_wconf 78' lang='lat' dir='ltr'>xiv</span> <span class='ocrx_word' id='word_1_4' title='bbox 689 159 705 206; x_wconf 79' lang='lat' dir='ltr'>a</span> <span class='ocrx_word' id='word_1_5' title='bbox 725 155 762 223; x_wconf 81' lang='lat'>(4)</span> <span class='ocrx_word' id='word_1_6' title='bbox 1019 153 1085 218; x_wconf 80' lang='lat'>353</span> 
     </span>
    </p>
   </div>
   <div class='ocr_carea' id='block_1_2' title="bbox 25 299 1220 2608">
    <p class='ocr_par' dir='ltr' id='par_1_2' title="bbox 25 299 1220 2608">
     <span class='ocr_line' id='line_1_2' title="bbox 73 299 1085 384; baseline -0.002 -20"><span class='ocrx_word' id='word_1_7' title='bbox 73 305 167 365; x_wconf 83' lang='lat' dir='ltr'>vimus</span> <span class='ocrx_word' id='word_1_8' title='bbox 186 305 294 384; x_wconf 87' lang='lat' dir='ltr'>evenit,</span> <span class='ocrx_word' id='word_1_9' title='bbox 316 301 397 363; x_wconf 86' lang='lat' dir='ltr'>domi</span> <span class='ocrx_word' id='word_1_10' title='bbox 415 299 566 363; x_wconf 88' lang='lat' dir='ltr'>nobilibus</span> <span class='ocrx_word' id='word_1_11' title='bbox 584 315 640 362; x_wconf 89' lang='lat' dir='ltr'>nec</span> <span class='ocrx_word' id='word_1_12' title='bbox 659 303 854 382; x_wconf 76' lang='lat' dir='ltr'>agnoscendis</span> <span class='ocrx_word' id='word_1_13' title='bbox 873 301 951 364; x_wconf 88' lang='lat' dir='ltr'>alibi.</span> <span class='ocrx_word' id='word_1_14' title='bbox 982 304 1085 364; x_wconf 83' lang='lat' dir='ltr'>fecun-</span> 
     </span>
     <span class='ocr_line' id='line_1_3' title="bbox 75 390 1086 473; baseline -0.002 -20"><span class='ocrx_word' id='word_1_15' title='bbox 75 393 126 454; x_wconf 90' lang='lat' dir='ltr'>dae</span> <span class='ocrx_word' id='word_1_16' title='bbox 154 399 253 452; x_wconf 87' lang='lat' dir='ltr'>tamen</span> <span class='ocrx_word' id='word_1_17' title='bbox 280 390 420 452; x_wconf 84' lang='lat' dir='ltr'>honitatis</span> <span class='ocrx_word' id='word_1_18' title='bbox 447 393 511 451; x_wconf 89' lang='lat' dir='ltr'>vice</span> <span class='ocrx_word' id='word_1_19' title='bbox 539 391 654 470; x_wconf 88' lang='lat' dir='ltr'>copiam</span> <span class='ocrx_word' id='word_1_20' title='bbox 682 398 847 473; x_wconf 86' lang='lat' dir='ltr'>praestant,</span> <span class='ocrx_word' id='word_1_21' title='bbox 875 394 1000 472; x_wconf 89' lang='lat' dir='ltr'>eugenia</span> <span class='ocrx_word' id='word_1_22' title='bbox 1027 391 1086 452; x_wconf 89' lang='lat' dir='ltr'>ler-</span> 
     </span>
     <span class='ocr_line' id='line_1_4' title="bbox 74 475 1087 562; baseline 0 -22"><span class='ocrx_word' id='word_1_23' title='bbox 74 479 209 542; x_wconf 78' lang='lat' dir='ltr'>ventibus</span> <span class='ocrx_word' id='word_1_24' title='bbox 228 479 310 561; x_wconf 92' lang='lat' dir='ltr'>locis,</span> <span class='ocrx_word' id='word_1_25' title='bbox 328 475 449 540; x_wconf 83' lang='lat' dir='ltr'>Raetica</span> <span class='ocrx_word' id='word_1_26' title='bbox 467 481 649 561; x_wconf 71' lang='lat' dir='ltr'>temperatis,</span> <span class='ocrx_word' id='word_1_27' title='bbox 667 479 852 560; x_wconf 75' lang='lat' dir='ltr'>allobrogica</span> <span class='ocrx_word' id='word_1_28' title='bbox 871 480 995 562; x_wconf 77' lang='lat' dir='ltr'>frigidis,</span> <span class='ocrx_word' id='word_1_29' title='bbox 1018 480 1087 561; x_wconf 88' lang='lat' dir='ltr'>gelu</span> 
     </span>
     <span class='ocr_line' id='line_1_5' title="bbox 75 568 1140 651; baseline -0.004 -21"><span class='ocrx_word' id='word_1_30' title='bbox 75 576 277 630; x_wconf 77' lang='lat' dir='ltr'>maturescens</span> <span class='ocrx_word' id='word_1_31' title='bbox 300 576 331 630; x_wconf 87' lang='lat' dir='ltr'>et</span> <span class='ocrx_word' id='word_1_32' title='bbox 354 568 453 629; x_wconf 88' lang='lat' dir='ltr'>celere</span> <span class='ocrx_word' id='word_1_33' title='bbox 476 569 569 648; x_wconf 82' lang='lat' dir='ltr'>nigra.</span> <span class='ocrx_word' id='word_1_34' title='bbox 606 585 643 629; x_wconf 84' lang='lat' dir='ltr'>ex</span> <span class='ocrx_word' id='word_1_35' title='bbox 661 568 708 630; x_wconf 75' lang='lat' dir='ltr'>lus</span> <span class='ocrx_word' id='word_1_36' title='bbox 732 586 805 648; x_wconf 87' lang='lat' dir='ltr'>quas</span> <span class='ocrx_word' id='word_1_37' title='bbox 829 569 925 632; x_wconf 83' lang='lat' dir='ltr'>adbuc</span> <span class='ocrx_word' id='word_1_38' title='bbox 949 570 1086 651; x_wconf 82' lang='lat' dir='ltr'>diximus,</span> <span class='ocrx_word' id='word_1_39' title='bbox 1106 577 1140 626; x_wconf 73' lang='lat' dir='ltr'>aa</span> 
     </span>
     <span class='ocr_line' id='line_1_6' title="bbox 47 657 1086 739; baseline 0.004 -23"><span class='ocrx_word' id='word_1_40' title='bbox 47 659 127 720; x_wconf 81' lang='lat' dir='ltr'>saed</span> <span class='ocrx_word' id='word_1_41' title='bbox 144 661 235 720; x_wconf 82' lang='lat' dir='ltr'>etlam</span> <span class='ocrx_word' id='word_1_42' title='bbox 253 677 269 719; x_wconf 92' lang='lat' dir='ltr'>e</span> <span class='ocrx_word' id='word_1_43' title='bbox 288 659 391 739; x_wconf 82' lang='lat' dir='ltr'>nigris,</span> <span class='ocrx_word' id='word_1_44' title='bbox 414 659 481 718; x_wconf 87' lang='lat' dir='ltr'>vina</span> <span class='ocrx_word' id='word_1_45' title='bbox 498 664 647 718; x_wconf 85' lang='lat' dir='ltr'>vetustate</span> <span class='ocrx_word' id='word_1_46' title='bbox 664 660 696 718; x_wconf 88' lang='lat' dir='ltr'>in</span> <span class='ocrx_word' id='word_1_47' title='bbox 714 657 815 720; x_wconf 88' lang='lat' dir='ltr'>album</span> <span class='ocrx_word' id='word_1_48' title='bbox 838 659 969 720; x_wconf 85' lang='lat' dir='ltr'>colorem</span> <span class='ocrx_word' id='word_1_49' title='bbox 991 667 1086 720; x_wconf 88' lang='lat' dir='ltr'>trans-</span> 
     </span>
     <span class='ocr_line' id='line_1_7' title="bbox 74 745 1088 828; baseline 0 -20"><span class='ocrx_word' id='word_1_50' title='bbox 74 755 154 818; x_wconf 87' lang='lat' dir='ltr'>eunt.</span> <span class='ocrx_word' id='word_1_51' title='bbox 199 746 330 826; x_wconf 85' lang='lat' dir='ltr'>reliquae</span> <span class='ocrx_word' id='word_1_52' title='bbox 354 745 513 828; x_wconf 79' lang='lat' dir='ltr'>ignobiles,</span> <span class='ocrx_word' id='word_1_53' title='bbox 540 746 698 826; x_wconf 89' lang='lat' dir='ltr'>aliquando</span> <span class='ocrx_word' id='word_1_54' title='bbox 726 755 825 808; x_wconf 88' lang='lat' dir='ltr'>tamen</span> <span class='ocrx_word' id='word_1_55' title='bbox 853 747 927 808; x_wconf 83' lang='lat' dir='ltr'>caeli</span> <span class='ocrx_word' id='word_1_56' title='bbox 954 756 1006 808; x_wconf 87' lang='lat' dir='ltr'>aut</span> <span class='ocrx_word' id='word_1_57' title='bbox 1033 747 1088 809; x_wconf 90' lang='lat' dir='ltr'>soli</span> 
     </span>
     <span class='ocr_line' id='line_1_8' title="bbox 74 835 1088 918; baseline 0 -21"><span class='ocrx_word' id='word_1_58' title='bbox 74 853 163 918; x_wconf 87' lang='lat' dir='ltr'>opera</span> <span class='ocrx_word' id='word_1_59' title='bbox 186 839 256 898; x_wconf 72' lang='lat' dir='ltr'>aeno</span> <span class='ocrx_word' id='word_1_60' title='bbox 279 835 384 897; x_wconf 85' lang='lat' dir='ltr'>saliunt</span> <span class='ocrx_word' id='word_1_61' title='bbox 406 843 597 916; x_wconf 83' lang='lat' dir='ltr'>vetustatem,</span> <span class='ocrx_word' id='word_1_62' title='bbox 620 837 709 898; x_wconf 88' lang='lat' dir='ltr'>sicuti</span> <span class='ocrx_word' id='word_1_63' title='bbox 731 835 876 898; x_wconf 79' lang='lat' dir='ltr'>Faecenia</span> <span class='ocrx_word' id='word_1_64' title='bbox 903 844 934 898; x_wconf 88' lang='lat' dir='ltr'>et</span> <span class='ocrx_word' id='word_1_65' title='bbox 962 855 1088 898; x_wconf 88' lang='lat' dir='ltr'>cumea</span> 
     </span>
     <span class='ocr_line' id='line_1_9' title="bbox 73 923 1090 1007; baseline 0 -21"><span class='ocrx_word' id='word_1_66' title='bbox 73 925 184 986; x_wconf 83' lang='lat' dir='ltr'>liorem</span> <span class='ocrx_word' id='word_1_67' title='bbox 205 923 384 1005; x_wconf 80' lang='lat' dir='ltr'>Biturigiaca</span> <span class='ocrx_word' id='word_1_68' title='bbox 407 927 492 986; x_wconf 91' lang='lat' dir='ltr'>acino</span> <span class='ocrx_word' id='word_1_69' title='bbox 514 926 624 1007; x_wconf 88' lang='lat' dir='ltr'>rarior,</span> <span class='ocrx_word' id='word_1_70' title='bbox 656 939 819 1005; x_wconf 79' lang='lat' dir='ltr'>avumquam</span> <span class='ocrx_word' id='word_1_71' title='bbox 845 925 929 991; x_wconf 85' lang='lat' dir='ltr'>lloris</span> <span class='ocrx_word' id='word_1_72' title='bbox 960 925 1090 1006; x_wconf 81' lang='lat' dir='ltr'>obnoxii,</span> 
     </span>
     <span class='ocr_line' id='line_1_10' title="bbox 74 1013 1088 1097; baseline -0.002 -21"><span class='ocrx_word' id='word_1_73' title='bbox 74 1016 213 1094; x_wconf 88' lang='lat' dir='ltr'>quoniam</span> <span class='ocrx_word' id='word_1_74' title='bbox 237 1013 417 1076; x_wconf 87' lang='lat' dir='ltr'>antecedunt</span> <span class='ocrx_word' id='word_1_75' title='bbox 440 1015 596 1094; x_wconf 67' lang='lat' dir='ltr'>venisque</span> <span class='ocrx_word' id='word_1_76' title='bbox 618 1020 650 1075; x_wconf 86' lang='lat' dir='ltr'>et</span> <span class='ocrx_word' id='word_1_77' title='bbox 672 1013 820 1076; x_wconf 83' lang='lat' dir='ltr'>imbribus</span> <span class='ocrx_word' id='word_1_78' title='bbox 841 1015 1000 1097; x_wconf 85' lang='lat' dir='ltr'>resistunt,</span> <span class='ocrx_word' id='word_1_79' title='bbox 1027 1033 1088 1075; x_wconf 88' lang='lat' dir='ltr'>me-</span> 
     </span>
     <span class='ocr_line' id='line_1_11' title="bbox 33 1102 1089 1185; baseline -0.002 -19"><span class='ocrx_word' id='word_1_80' title='bbox 33 1104 163 1166; x_wconf 80' lang='lat' dir='ltr'>iuliores</span> <span class='ocrx_word' id='word_1_81' title='bbox 186 1111 286 1165; x_wconf 87' lang='lat' dir='ltr'>tamen</span> <span class='ocrx_word' id='word_1_82' title='bbox 309 1102 475 1183; x_wconf 81' lang='lat' dir='ltr'>algentibus</span> <span class='ocrx_word' id='word_1_83' title='bbox 502 1102 576 1164; x_wconf 86' lang='lat' dir='ltr'>leole</span> <span class='ocrx_word' id='word_1_84' title='bbox 604 1117 693 1182; x_wconf 91' lang='lat' dir='ltr'>quam</span> <span class='ocrx_word' id='word_1_85' title='bbox 714 1103 835 1185; x_wconf 83' lang='lat' dir='ltr'>&#39;calidis,</span> <span class='ocrx_word' id='word_1_86' title='bbox 862 1103 972 1165; x_wconf 90' lang='lat' dir='ltr'>umidis</span> <span class='ocrx_word' id='word_1_87' title='bbox 999 1121 1089 1184; x_wconf 89' lang='lat' dir='ltr'>quam</span> 
     </span>
     <span class='ocr_line' id='line_1_12' title="bbox 74 1191 1220 1273; baseline 0 -19"><span class='ocrx_word' id='word_1_88' title='bbox 74 1191 252 1255; x_wconf 83' lang='lat' dir='ltr'>sitientibus.</span> <span class='ocrx_word' id='word_1_89' title='bbox 289 1191 393 1254; x_wconf 87' lang='lat' dir='ltr'>visulla</span> <span class='ocrx_word' id='word_1_90' title='bbox 412 1192 517 1272; x_wconf 88' lang='lat' dir='ltr'>grandi</span> <span class='ocrx_word' id='word_1_91' title='bbox 534 1193 628 1272; x_wconf 85' lang='lat' dir='ltr'>magis</span> <span class='ocrx_word' id='word_1_92' title='bbox 647 1209 736 1272; x_wconf 64' lang='lat' dir='ltr'>pam</span> <span class='ocrx_word' id='word_1_93' title='bbox 759 1193 852 1254; x_wconf 88' lang='lat' dir='ltr'>denso</span> <span class='ocrx_word' id='word_1_94' title='bbox 875 1209 1000 1254; x_wconf 90' lang='lat' dir='ltr'>uvarum</span> <span class='ocrx_word' id='word_1_95' title='bbox 1022 1206 1089 1273; x_wconf 87' lang='lat' dir='ltr'>par·</span> <span class='ocrx_word' id='word_1_96' title='bbox 1108 1200 1143 1250; x_wconf 83' lang='lat'>28</span> <span class='ocrx_word' id='word_1_97' title='bbox 1215 1245 1220 1254; x_wconf 73' lang='grc'><strong>,</strong></span> 
     </span>
     <span class='ocr_line' id='line_1_13' title="bbox 75 1281 1090 1364; baseline 0.001 -22"><span class='ocrx_word' id='word_1_98' title='bbox 75 1292 120 1362; x_wconf 89' lang='lat' dir='ltr'>tu,</span> <span class='ocrx_word' id='word_1_99' title='bbox 149 1284 298 1362; x_wconf 89' lang='lat' dir='ltr'>inpatieus</span> <span class='ocrx_word' id='word_1_100' title='bbox 325 1283 465 1342; x_wconf 83' lang='lat' dir='ltr'>variantis</span> <span class='ocrx_word' id='word_1_101' title='bbox 496 1281 583 1364; x_wconf 89' lang='lat' dir='ltr'>caeli,</span> <span class='ocrx_word' id='word_1_102' title='bbox 616 1281 669 1342; x_wconf 88' lang='lat' dir='ltr'>sed</span> <span class='ocrx_word' id='word_1_103' title='bbox 699 1290 803 1343; x_wconf 85' lang='lat' dir='ltr'>contra</span> <span class='ocrx_word' id='word_1_104' title='bbox 832 1291 968 1344; x_wconf 86' lang='lat' dir='ltr'>tenorem</span> <span class='ocrx_word' id='word_1_105' title='bbox 995 1297 1090 1343; x_wconf 86' lang='lat' dir='ltr'>unum</span> 
     </span>
     <span class='ocr_line' id='line_1_14' title="bbox 74 1371 1089 1452; baseline -0.002 -20"><span class='ocrx_word' id='word_1_106' title='bbox 74 1371 182 1450; x_wconf 79' lang='lat' dir='ltr'>algoris</span> <span class='ocrx_word' id='word_1_107' title='bbox 205 1379 341 1432; x_wconf 83' lang='lat' dir='ltr'>aestusve</span> <span class='ocrx_word' id='word_1_108' title='bbox 365 1379 514 1432; x_wconf 87' lang='lat' dir='ltr'>constans.</span> <span class='ocrx_word' id='word_1_109' title='bbox 560 1387 636 1450; x_wconf 89' lang='lat' dir='ltr'>quae</span> <span class='ocrx_word' id='word_1_110' title='bbox 660 1372 759 1432; x_wconf 86' lang='lat' dir='ltr'>minor</span> <span class='ocrx_word' id='word_1_111' title='bbox 786 1378 832 1432; x_wconf 89' lang='lat' dir='ltr'>est</span> <span class='ocrx_word' id='word_1_112' title='bbox 856 1389 892 1432; x_wconf 81' lang='lat' dir='ltr'>er</span> <span class='ocrx_word' id='word_1_113' title='bbox 920 1386 956 1431; x_wconf 87' lang='lat' dir='ltr'>eo</span> <span class='ocrx_word' id='word_1_114' title='bbox 979 1389 1089 1452; x_wconf 86' lang='lat' dir='ltr'>genere</span> 
     </span>
     <span class='ocr_line' id='line_1_15' title="bbox 74 1457 1090 1542; baseline -0.002 -20"><span class='ocrx_word' id='word_1_115' title='bbox 74 1459 187 1522; x_wconf 87' lang='lat' dir='ltr'>melior.</span> <span class='ocrx_word' id='word_1_116' title='bbox 233 1462 265 1520; x_wconf 91' lang='lat' dir='ltr'>in</span> <span class='ocrx_word' id='word_1_117' title='bbox 289 1457 428 1540; x_wconf 88' lang='lat' dir='ltr'>eligendo</span> <span class='ocrx_word' id='word_1_118' title='bbox 450 1459 516 1520; x_wconf 81' lang='lat' dir='ltr'>selo</span> <span class='ocrx_word' id='word_1_119' title='bbox 537 1475 664 1541; x_wconf 90' lang='lat' dir='ltr'>morosa,</span> <span class='ocrx_word' id='word_1_120' title='bbox 686 1461 791 1540; x_wconf 87' lang='lat' dir='ltr'>pingui</span> <span class='ocrx_word' id='word_1_121' title='bbox 808 1462 965 1542; x_wconf 76' lang='lat' dir='ltr'>putrescit,</span> <span class='ocrx_word' id='word_1_122' title='bbox 988 1459 1090 1540; x_wconf 82' lang='lat' dir='ltr'>gracili</span> 
     </span>
     <span class='ocr_line' id='line_1_16' title="bbox 33 1547 1091 1629; baseline 0 -19"><span class='ocrx_word' id='word_1_123' title='bbox 33 1570 60 1612; x_wconf 85' lang='lat'>15</span> <span class='ocrx_word' id='word_1_124' title='bbox 74 1550 194 1610; x_wconf 84' lang='lat' dir='ltr'>omrrinc</span> <span class='ocrx_word' id='word_1_125' title='bbox 213 1565 273 1610; x_wconf 86' lang='lat' dir='ltr'>non</span> <span class='ocrx_word' id='word_1_126' title='bbox 291 1551 437 1629; x_wconf 83' lang='lat' dir='ltr'>provenit.</span> <span class='ocrx_word' id='word_1_127' title='bbox 477 1547 605 1610; x_wconf 85' lang='lat' dir='ltr'>mediam</span> <span class='ocrx_word' id='word_1_128' title='bbox 626 1551 803 1629; x_wconf 80' lang='lat' dir='ltr'>temperiem</span> <span class='ocrx_word' id='word_1_129' title='bbox 822 1549 946 1611; x_wconf 84' lang='lat' dir='ltr'>delicate</span> <span class='ocrx_word' id='word_1_130' title='bbox 965 1551 1091 1629; x_wconf 87' lang='lat' dir='ltr'>quaerit,</span> 
     </span>
     <span class='ocr_line' id='line_1_17' title="bbox 75 1636 1091 1720; baseline 0 -22"><span class='ocrx_word' id='word_1_131' title='bbox 75 1636 114 1698; x_wconf 88' lang='lat' dir='ltr'>ob</span> <span class='ocrx_word' id='word_1_132' title='bbox 131 1637 188 1700; x_wconf 87' lang='lat' dir='ltr'>boc</span> <span class='ocrx_word' id='word_1_133' title='bbox 207 1637 325 1699; x_wconf 87' lang='lat' dir='ltr'>Sabinis</span> <span class='ocrx_word' id='word_1_134' title='bbox 344 1637 468 1700; x_wconf 88' lang='lat' dir='ltr'>collibus</span> <span class='ocrx_word' id='word_1_135' title='bbox 487 1637 647 1700; x_wconf 83' lang='lat' dir='ltr'>tauriliaris.</span> <span class='ocrx_word' id='word_1_136' title='bbox 684 1653 742 1699; x_wconf 44' lang='lat' dir='ltr'>aavaw</span> <span class='ocrx_word' id='word_1_137' title='bbox 763 1641 831 1700; x_wconf 90' lang='lat' dir='ltr'>eius</span> <span class='ocrx_word' id='word_1_138' title='bbox 852 1637 994 1699; x_wconf 86' lang='lat' dir='ltr'>indecora</span> <span class='ocrx_word' id='word_1_139' title='bbox 1016 1640 1091 1720; x_wconf 90' lang='lat' dir='ltr'>visu,</span> 
     </span>
     <span class='ocr_line' id='line_1_18' title="bbox 76 1728 1091 1809; baseline 0.001 -23"><span class='ocrx_word' id='word_1_140' title='bbox 76 1743 181 1806; x_wconf 88' lang='lat' dir='ltr'>sapore</span> <span class='ocrx_word' id='word_1_141' title='bbox 203 1728 341 1789; x_wconf 85' lang='lat' dir='ltr'>iucunda.</span> <span class='ocrx_word' id='word_1_142' title='bbox 386 1729 445 1788; x_wconf 88' lang='lat' dir='ltr'>nisi</span> <span class='ocrx_word' id='word_1_143' title='bbox 467 1735 583 1788; x_wconf 86' lang='lat' dir='ltr'>matura</span> <span class='ocrx_word' id='word_1_144' title='bbox 605 1729 744 1807; x_wconf 89' lang='lat' dir='ltr'>protinus</span> <span class='ocrx_word' id='word_1_145' title='bbox 766 1729 894 1809; x_wconf 78' lang='lat' dir='ltr'>rapitur,</span> <span class='ocrx_word' id='word_1_146' title='bbox 918 1729 1008 1789; x_wconf 87' lang='lat' dir='ltr'>etiam</span> <span class='ocrx_word' id='word_1_147' title='bbox 1030 1743 1091 1787; x_wconf 87' lang='lat' dir='ltr'>non</span> 
     </span>
     <span class='ocr_line' id='line_1_19' title="bbox 74 1815 1091 1896; baseline 0 -20"><span class='ocrx_word' id='word_1_148' title='bbox 74 1822 250 1895; x_wconf 84' lang='lat' dir='ltr'>putrescens</span> <span class='ocrx_word' id='word_1_149' title='bbox 279 1816 365 1878; x_wconf 86' lang='lat' dir='ltr'>cadit.</span> <span class='ocrx_word' id='word_1_150' title='bbox 411 1823 514 1877; x_wconf 90' lang='lat' dir='ltr'>contra</span> <span class='ocrx_word' id='word_1_151' title='bbox 542 1815 701 1896; x_wconf 81' lang='lat' dir='ltr'>grandines</span> <span class='ocrx_word' id='word_1_152' title='bbox 728 1829 795 1877; x_wconf 81' lang='lat' dir='ltr'>eant</span> <span class='ocrx_word' id='word_1_153' title='bbox 822 1824 925 1878; x_wconf 89' lang='lat' dir='ltr'>tuetur</span> <span class='ocrx_word' id='word_1_154' title='bbox 951 1815 1091 1878; x_wconf 80' lang='lat' dir='ltr'>laborum</span> 
     </span>
     <span class='ocr_line' id='line_1_20' title="bbox 75 1904 489 1984; baseline 0.005 -20"><span class='ocrx_word' id='word_1_155' title='bbox 75 1904 236 1984; x_wconf 85' lang='lat' dir='ltr'>amplitudo</span> <span class='ocrx_word' id='word_1_156' title='bbox 260 1912 348 1984; x_wconf 81' lang='lat' dir='ltr'>atque</span> <span class='ocrx_word' id='word_1_157' title='bbox 371 1905 489 1966; x_wconf 85' lang='lat' dir='ltr'>duritia.</span> 
     </span>
     <span class='ocr_line' id='line_1_21' title="bbox 28 1990 1144 2074; baseline -0.008 -18"><span class='ocrx_word' id='word_1_158' title='bbox 28 2017 59 2056; x_wconf 76' lang='lat' dir='ltr'>so</span> <span class='ocrx_word' id='word_1_159' title='bbox 142 1990 209 2074; x_wconf 85' lang='lat'>&lt;4&gt;</span> <span class='ocrx_word' id='word_1_160' title='bbox 241 1993 376 2072; x_wconf 87' lang='lat' dir='ltr'>insigues</span> <span class='ocrx_word' id='word_1_161' title='bbox 405 1995 465 2054; x_wconf 84' lang='lat' dir='ltr'>iam</span> <span class='ocrx_word' id='word_1_162' title='bbox 494 1993 594 2054; x_wconf 87' lang='lat' dir='ltr'>colore</span> <span class='ocrx_word' id='word_1_163' title='bbox 622 1996 703 2054; x_wconf 82' lang='lat' dir='ltr'>inter</span> <span class='ocrx_word' id='word_1_164' title='bbox 729 2005 899 2074; x_wconf 86' lang='lat' dir='ltr'>purpureas</span> <span class='ocrx_word' id='word_1_165' title='bbox 930 1995 1090 2072; x_wconf 87' lang='lat' dir='ltr'>nigrasque</span> <span class='ocrx_word' id='word_1_166' title='bbox 1110 1999 1144 2048; x_wconf 77' lang='lat'>29</span> 
     </span>
     <span class='ocr_line' id='line_1_22' title="bbox 73 2081 1093 2162; baseline -0.001 -19"><span class='ocrx_word' id='word_1_167' title='bbox 73 2082 207 2143; x_wconf 84' lang='lat' dir='ltr'>helvolae</span> <span class='ocrx_word' id='word_1_168' title='bbox 230 2085 349 2162; x_wconf 87' lang='lat' dir='ltr'>saepius</span> <span class='ocrx_word' id='word_1_169' title='bbox 371 2083 519 2143; x_wconf 74' lang='lat' dir='ltr'>venantes</span> <span class='ocrx_word' id='word_1_170' title='bbox 547 2089 578 2142; x_wconf 88' lang='lat' dir='ltr'>et</span> <span class='ocrx_word' id='word_1_171' title='bbox 600 2081 639 2142; x_wconf 89' lang='lat' dir='ltr'>ob</span> <span class='ocrx_word' id='word_1_172' title='bbox 662 2082 692 2143; x_wconf 92' lang='lat' dir='ltr'>ld</span> <span class='ocrx_word' id='word_1_173' title='bbox 715 2083 851 2144; x_wconf 83' lang='lat' dir='ltr'>varianae</span> <span class='ocrx_word' id='word_1_174' title='bbox 875 2097 892 2142; x_wconf 91' lang='lat' dir='ltr'>a</span> <span class='ocrx_word' id='word_1_175' title='bbox 915 2081 1093 2162; x_wconf 86' lang='lat' dir='ltr'>quibusdam</span> 
     </span>
     <span class='ocr_line' id='line_1_23' title="bbox 73 2170 1093 2252; baseline 0.001 -21"><span class='ocrx_word' id='word_1_176' title='bbox 73 2170 247 2250; x_wconf 87' lang='lat' dir='ltr'>appellatae.</span> <span class='ocrx_word' id='word_1_177' title='bbox 310 2171 480 2251; x_wconf 81' lang='lat' dir='ltr'>praefertur</span> <span class='ocrx_word' id='word_1_178' title='bbox 511 2171 556 2230; x_wconf 92' lang='lat' dir='ltr'>in·</span> <span class='ocrx_word' id='word_1_179' title='bbox 572 2173 609 2232; x_wconf 90' lang='lat' dir='ltr'>iis</span> <span class='ocrx_word' id='word_1_180' title='bbox 644 2173 774 2252; x_wconf 79' lang='lat' dir='ltr'>nigrior,</span> <span class='ocrx_word' id='word_1_181' title='bbox 808 2177 935 2250; x_wconf 83' lang='lat' dir='ltr'>utraque</span> <span class='ocrx_word' id='word_1_182' title='bbox 971 2171 1093 2232; x_wconf 83' lang='lat' dir='ltr'>alternis</span> 
     </span>
     <span class='ocr_line' id='line_1_24' title="bbox 74 2258 1092 2342; baseline 0 -22"><span class='ocrx_word' id='word_1_183' title='bbox 74 2262 161 2320; x_wconf 91' lang='lat' dir='ltr'>annis</span> <span class='ocrx_word' id='word_1_184' title='bbox 184 2258 300 2340; x_wconf 81' lang='lat' dir='ltr'>fertilis,</span> <span class='ocrx_word' id='word_1_185' title='bbox 323 2258 376 2320; x_wconf 90' lang='lat' dir='ltr'>sed</span> <span class='ocrx_word' id='word_1_186' title='bbox 398 2259 504 2320; x_wconf 90' lang='lat' dir='ltr'>melior</span> <span class='ocrx_word' id='word_1_187' title='bbox 526 2261 608 2342; x_wconf 79' lang='lat' dir='ltr'>sino,</span> <span class='ocrx_word' id='word_1_188' title='bbox 631 2271 704 2321; x_wconf 81' lang='lat' dir='ltr'>cunr</span> <span class='ocrx_word' id='word_1_189' title='bbox 727 2260 854 2339; x_wconf 85' lang='lat' dir='ltr'>parcior.</span> <span class='ocrx_word' id='word_1_190' title='bbox 900 2267 931 2320; x_wconf 90' lang='lat' dir='ltr'>et</span> <span class='ocrx_word' id='word_1_191' title='bbox 957 2261 1092 2340; x_wconf 88' lang='lat' dir='ltr'>praeciae</span> 
     </span>
     <span class='ocr_line' id='line_1_25' title="bbox 73 2346 1091 2430; baseline 0 -20"><span class='ocrx_word' id='word_1_192' title='bbox 73 2349 135 2410; x_wconf 89' lang='lat' dir='ltr'>duo</span> <span class='ocrx_word' id='word_1_193' title='bbox 158 2365 269 2428; x_wconf 87' lang='lat' dir='ltr'>genera</span> <span class='ocrx_word' id='word_1_194' title='bbox 292 2347 494 2428; x_wconf 74' lang='lat' dir='ltr'>magnitudine</span> <span class='ocrx_word' id='word_1_195' title='bbox 518 2351 595 2410; x_wconf 88' lang='lat' dir='ltr'>acini</span> <span class='ocrx_word' id='word_1_196' title='bbox 619 2349 845 2430; x_wconf 88' lang='lat' dir='ltr'>discernuntur,</span> <span class='ocrx_word' id='word_1_197' title='bbox 869 2346 981 2428; x_wconf 85' lang='lat' dir='ltr'>qulbus</span> <span class='ocrx_word' id='word_1_198' title='bbox 1001 2358 1091 2411; x_wconf 88' lang='lat' dir='ltr'>mate·</span> 
     </span>
     <span class='ocr_line' id='line_1_26' title="bbox 25 2437 1092 2519; baseline 0 -20"><span class='ocrx_word' id='word_1_199' title='bbox 25 2465 57 2506; x_wconf 75' lang='lat'>25</span> <span class='ocrx_word' id='word_1_200' title='bbox 72 2441 136 2499; x_wconf 87' lang='lat' dir='ltr'>ries</span> <span class='ocrx_word' id='word_1_201' title='bbox 159 2437 288 2518; x_wconf 72' lang='lat' dir='ltr'>plmlma</span> <span class='ocrx_word' id='word_1_202' title='bbox 314 2449 431 2516; x_wconf 76' lang='lat' dir='ltr'>araque</span> <span class='ocrx_word' id='word_1_203' title='bbox 460 2437 526 2498; x_wconf 87' lang='lat' dir='ltr'>ollis</span> <span class='ocrx_word' id='word_1_204' title='bbox 555 2437 725 2519; x_wconf 83' lang='lat' dir='ltr'>uilissima,</span> <span class='ocrx_word' id='word_1_205' title='bbox 757 2437 861 2498; x_wconf 84' lang='lat' dir='ltr'>folium</span> <span class='ocrx_word' id='word_1_206' title='bbox 891 2440 959 2517; x_wconf 86' lang='lat' dir='ltr'>apio</span> <span class='ocrx_word' id='word_1_207' title='bbox 988 2437 1092 2499; x_wconf 89' lang='lat' dir='ltr'>simile.</span> 
     </span>
     <span class='ocr_line' id='line_1_27' title="bbox 72 2522 1211 2608; baseline -0.005 -20"><span class='ocrx_word' id='word_1_208' title='bbox 72 2527 218 2588; x_wconf 83' lang='lat' dir='ltr'>baliscam</span> <span class='ocrx_word' id='word_1_209' title='bbox 234 2525 410 2606; x_wconf 72' lang='lat' dir='ltr'>Dyrrachini</span> <span class='ocrx_word' id='word_1_210' title='bbox 429 2522 589 2608; x_wconf 83' lang='lat' dir='ltr'>celebrant,</span> <span class='ocrx_word' id='word_1_211' title='bbox 607 2526 767 2608; x_wconf 84' lang='lat' dir='ltr'>Hispaniae</span> <span class='ocrx_word' id='word_1_212' title='bbox 785 2522 959 2588; x_wconf 86' lang='lat' dir='ltr'>coccolobin</span> <span class='ocrx_word' id='word_1_213' title='bbox 977 2535 1092 2588; x_wconf 88' lang='lat' dir='ltr'>vocant.</span> <span class='ocrx_word' id='word_1_214' title='bbox 1111 2534 1147 2583; x_wconf 85' lang='lat'>30</span> <span class='ocrx_word' id='word_1_215' title='bbox 1206 2587 1211 2594; x_wconf 68' lang='grc'>,</span> 
     </span>
    </p>
   </div>
   <div class='ocr_carea' id='block_1_3' title="bbox 72 2608 1093 2875">
    <p class='ocr_par' dir='ltr' id='par_1_3' title="bbox 72 2608 1093 2875">
     <span class='ocr_line' id='line_1_28' title="bbox 72 2608 1093 2698; baseline -0.001 -21"><span class='ocrx_word' id='word_1_216' title='bbox 72 2617 173 2677; x_wconf 91' lang='lat' dir='ltr'>rarior</span> <span class='ocrx_word' id='word_1_217' title='bbox 191 2633 261 2698; x_wconf 90' lang='lat' dir='ltr'>uva,</span> <span class='ocrx_word' id='word_1_218' title='bbox 284 2620 385 2677; x_wconf 86' lang='lat' dir='ltr'>aestus</span> <span class='ocrx_word' id='word_1_219' title='bbox 402 2622 580 2696; x_wconf 83' lang='lat' dir='ltr'>austrosque</span> <span class='ocrx_word' id='word_1_220' title='bbox 599 2616 720 2698; x_wconf 88' lang='lat' dir='ltr'>tolerat,</span> <span class='ocrx_word' id='word_1_221' title='bbox 744 2608 984 2698; x_wconf 53' lang='lat' dir='ltr'>eapiti&#39;inimica,</span> <span class='ocrx_word' id='word_1_222' title='bbox 1008 2618 1093 2696; x_wconf 89' lang='lat' dir='ltr'>copia</span> 
     </span>
     <span class='ocr_line' id='line_1_29' title="bbox 72 2704 1092 2786; baseline -0.001 -21"><span class='ocrx_word' id='word_1_223' title='bbox 72 2705 165 2785; x_wconf 86' lang='lat' dir='ltr'>larga.</span> <span class='ocrx_word' id='word_1_224' title='bbox 210 2704 369 2786; x_wconf 87' lang='lat' dir='ltr'>Hispaniae</span> <span class='ocrx_word' id='word_1_225' title='bbox 393 2704 452 2765; x_wconf 90' lang='lat' dir='ltr'>duc</span> <span class='ocrx_word' id='word_1_226' title='bbox 474 2723 585 2785; x_wconf 84' lang='lat' dir='ltr'>genera</span> <span class='ocrx_word' id='word_1_227' title='bbox 609 2707 674 2767; x_wconf 88' lang='lat' dir='ltr'>eius</span> <span class='ocrx_word' id='word_1_228' title='bbox 698 2705 824 2785; x_wconf 84' lang='lat' dir='ltr'>faciunt,</span> <span class='ocrx_word' id='word_1_229' title='bbox 848 2723 942 2766; x_wconf 90' lang='lat' dir='ltr'>uuum</span> <span class='ocrx_word' id='word_1_230' title='bbox 965 2704 1092 2784; x_wconf 83' lang='lat' dir='ltr'>oblongo</span> 
     </span>
     <span class='ocr_line' id='line_1_30' title="bbox 73 2792 1091 2875; baseline 0 -21"><span class='ocrx_word' id='word_1_231' title='bbox 73 2796 171 2875; x_wconf 91' lang='lat' dir='ltr'>acino,</span> <span class='ocrx_word' id='word_1_232' title='bbox 194 2793 322 2856; x_wconf 89' lang='lat' dir='ltr'>alterum</span> <span class='ocrx_word' id='word_1_233' title='bbox 344 2793 483 2856; x_wconf 82' lang='lat' dir='ltr'>rutundo.</span> <span class='ocrx_word' id='word_1_234' title='bbox 515 2796 690 2856; x_wconf 69' lang='lat' dir='ltr'>novmsintas</span> <span class='ocrx_word' id='word_1_235' title='bbox 713 2793 903 2855; x_wconf 88' lang='lat' dir='ltr'>vindemiant.</span> <span class='ocrx_word' id='word_1_236' title='bbox 945 2807 1004 2873; x_wconf 89' lang='lat' dir='ltr'>quo</span> <span class='ocrx_word' id='word_1_237' title='bbox 1029 2792 1091 2854; x_wconf 88' lang='lat' dir='ltr'>dul·</span> 
     </span>
    </p>
   </div>
   <div class='ocr_carea' id='block_1_4' title="bbox 72 3069 1141 3712">
    <p class='ocr_par' dir='ltr' id='par_1_4' title="bbox 72 3069 1097 3356">
     <span class='ocr_line' id='line_1_31' title="bbox 149 3069 1094 3144; baseline -0.001 -17"><span class='ocrx_word' id='word_1_238' title='bbox 149 3073 363 3127; x_wconf 63' lang='lat' dir='ltr'>denotantem</span> <span class='ocrx_word' id='word_1_239' title='bbox 376 3078 412 3126; x_wconf 79' lang='lat' dir='ltr'>il.</span> <span class='ocrx_word' id='word_1_240' title='bbox 499 3071 599 3128; x_wconf 76' lang='lat' dir='ltr'>irino</span> <span class='ocrx_word' id='word_1_241' title='bbox 618 3071 712 3127; x_wconf 80' lang='lat' dir='ltr'>Iocus</span> <span class='ocrx_word' id='word_1_242' title='bbox 729 3073 788 3128; x_wconf 84' lang='lat' dir='ltr'>coli.</span> <span class='ocrx_word' id='word_1_243' title='bbox 802 3072 823 3144; x_wconf 66' lang='lat'><em>5</em></span> <span class='ocrx_word' id='word_1_244' title='bbox 837 3076 882 3130; x_wconf 80' lang='lat'>33.</span> <span class='ocrx_word' id='word_1_245' title='bbox 897 3075 934 3128; x_wconf 83' lang='lat'>35</span> <span class='ocrx_word' id='word_1_246' title='bbox 952 3069 1094 3127; x_wconf 77' lang='lat' dir='ltr'>etOolum.</span> 
     </span>
     <span class='ocr_line' id='line_1_32' title="bbox 73 3131 1097 3216; baseline 0 -19"><span class='ocrx_word' id='word_1_247' title='bbox 73 3145 220 3210; x_wconf 71' lang='lat' dir='ltr'>sareio.</span> <span class='ocrx_word' id='word_1_248' title='bbox 240 3131 305 3216; x_wconf 68' lang='lat' dir='ltr'>boa</span> <span class='ocrx_word' id='word_1_249' title='bbox 317 3147 392 3198; x_wconf 71' lang='lat' dir='ltr'>tae.</span> <span class='ocrx_word' id='word_1_250' title='bbox 465 3143 639 3198; x_wconf 66' lang='lat' dir='ltr'>abimum</span> <span class='ocrx_word' id='word_1_251' title='bbox 657 3143 714 3198; x_wconf 58' lang='grc' dir='ltr'>ιιι.</span> <span class='ocrx_word' id='word_1_252' title='bbox 742 3144 813 3198; x_wconf 72' lang='lat' dir='ltr'>-oee</span> <span class='ocrx_word' id='word_1_253' title='bbox 830 3160 855 3199; x_wconf 78' lang='lat' dir='ltr'>c.</span> <span class='ocrx_word' id='word_1_254' title='bbox 928 3143 1097 3212; x_wconf 73' lang='lat' dir='ltr'>squamam</span> 
     </span>
     <span class='ocr_line' id='line_1_33' title="bbox 72 3212 1097 3272; baseline -0.003 -2"><span class='ocrx_word' id='word_1_255' title='bbox 72 3231 135 3270; x_wconf 87' lang='lat' dir='ltr'>non</span> <span class='ocrx_word' id='word_1_256' title='bbox 152 3213 297 3270; x_wconf 76' lang='lat' dir='ltr'>favonium</span> <span class='ocrx_word' id='word_1_257' title='bbox 316 3212 408 3270; x_wconf 78' lang='lat' dir='ltr'>Iocus</span> <span class='ocrx_word' id='word_1_258' title='bbox 426 3212 486 3270; x_wconf 76' lang='lat' dir='ltr'>ccii.</span> <span class='ocrx_word' id='word_1_259' title='bbox 501 3216 536 3267; x_wconf 91' lang='lat' dir='ltr'><em>H</em></span> <span class='ocrx_word' id='word_1_260' title='bbox 544 3219 604 3271; x_wconf 71' lang='lat'>1-22</span> <span class='ocrx_word' id='word_1_261' title='bbox 622 3218 648 3270; x_wconf 67' lang='lat' dir='ltr'>ei</span> <span class='ocrx_word' id='word_1_262' title='bbox 665 3217 776 3272; x_wconf 78' lang='lat' dir='ltr'>XVia.</span> <span class='ocrx_word' id='word_1_263' title='bbox 790 3219 836 3270; x_wconf 84' lang='lat'>13.</span> <span class='ocrx_word' id='word_1_264' title='bbox 916 3220 948 3268; x_wconf 93' lang='lat'>11</span> <span class='ocrx_word' id='word_1_265' title='bbox 969 3215 1018 3268; x_wconf 82' lang='lat' dir='ltr'>uix</span> <span class='ocrx_word' id='word_1_266' title='bbox 1035 3214 1097 3268; x_wconf 76' lang='lat' dir='ltr'>ulls</span> 
     </span>
     <span class='ocr_line' id='line_1_34' title="bbox 74 3283 1095 3356; baseline -0.002 -16"><span class='ocrx_word' id='word_1_267' title='bbox 74 3285 337 3342; x_wconf 75' lang='lat' dir='ltr'>‹leddontfflord</span> <span class='ocrx_word' id='word_1_268' title='bbox 355 3288 359 3355; x_wconf 77' lang='grc' dir='ltr'>Ι</span> <span class='ocrx_word' id='word_1_269' title='bbox 375 3285 476 3356; x_wconf 84' lang='lat' dir='ltr'>grandi</span> <span class='ocrx_word' id='word_1_270' title='bbox 487 3291 523 3340; x_wconf 77' lang='lat'>1.</span> <span class='ocrx_word' id='word_1_271' title='bbox 542 3299 593 3341; x_wconf 78' lang='lat' dir='ltr'>oue.</span> <span class='ocrx_word' id='word_1_272' title='bbox 607 3299 651 3340; x_wconf 85' lang='lat' dir='ltr'>rc.</span> <span class='ocrx_word' id='word_1_273' title='bbox 668 3284 673 3356; x_wconf 88' lang='grc' dir='ltr'>Ι</span> <span class='ocrx_word' id='word_1_274' title='bbox 688 3285 849 3342; x_wconf 73' lang='lat' dir='ltr'>muidoaso</span> <span class='ocrx_word' id='word_1_275' title='bbox 863 3283 1095 3342; x_wconf 65' lang='lat' dir='ltr'>addoctfflocd.</span> 
     </span>
    </p>

    <p class='ocr_par' dir='ltr' id='par_1_5' title="bbox 73 3357 1141 3712">
     <span class='ocr_line' id='line_1_35' title="bbox 152 3357 1094 3428; baseline -0.002 -16"><span class='ocrx_word' id='word_1_276' title='bbox 152 3363 185 3413; x_wconf 78' lang='lat' dir='ltr'>il</span> <span class='ocrx_word' id='word_1_277' title='bbox 203 3371 308 3427; x_wconf 76' lang='lat' dir='ltr'>prorsus</span> <span class='ocrx_word' id='word_1_278' title='bbox 321 3361 355 3411; x_wconf 79' lang='lat'>1.</span> <span class='ocrx_word' id='word_1_279' title='bbox 429 3361 465 3412; x_wconf 76' lang='lat'>20</span> <span class='ocrx_word' id='word_1_280' title='bbox 481 3357 632 3428; x_wconf 55' lang='lat' dir='ltr'>nigraque</span> <span class='ocrx_word' id='word_1_281' title='bbox 650 3363 686 3410; x_wconf 72' lang='grc' dir='ltr'>Η.</span> <span class='ocrx_word' id='word_1_282' title='bbox 714 3369 812 3427; x_wconf 73' lang='lat' dir='ltr'>esque</span> <span class='ocrx_word' id='word_1_283' title='bbox 831 3357 924 3412; x_wconf 87' lang='lat' dir='ltr'>modio</span> <span class='ocrx_word' id='word_1_284' title='bbox 943 3371 988 3411; x_wconf 80' lang='lat' dir='ltr'>ro.</span> <span class='ocrx_word' id='word_1_285' title='bbox 1062 3361 1094 3410; x_wconf 76' lang='lat' dir='ltr'>ai</span> 
     </span>
     <span class='ocr_line' id='line_1_36' title="bbox 73 3425 1141 3512; baseline -0.005 -29"><span class='ocrx_word' id='word_1_286' title='bbox 73 3427 220 3512; x_wconf 69' lang='lat' dir='ltr'>uamautm</span> <span class='ocrx_word' id='word_1_287' title='bbox 238 3428 313 3482; x_wconf 67' lang='grc' dir='ltr'>ΙΝ,</span> <span class='ocrx_word' id='word_1_288' title='bbox 341 3429 377 3482; x_wconf 81' lang='lat' dir='ltr'>-ei</span> <span class='ocrx_word' id='word_1_289' title='bbox 394 3443 448 3510; x_wconf 37' lang='lat' dir='ltr'>ro..</span> <span class='ocrx_word' id='word_1_290' title='bbox 529 3433 563 3483; x_wconf 79' lang='lat'>23</span> <span class='ocrx_word' id='word_1_291' title='bbox 586 3428 716 3499; x_wconf 84' lang='lat' dir='ltr'>praeciae</span> <span class='ocrx_word' id='word_1_292' title='bbox 733 3431 769 3485; x_wconf 77' lang='grc' dir='ltr'>Ι</span> <span class='ocrx_word' id='word_1_293' title='bbox 798 3442 880 3484; x_wconf 72' lang='lat' dir='ltr'>caes</span> <span class='ocrx_word' id='word_1_294' title='bbox 897 3427 941 3482; x_wconf 61' lang='grc' dir='ltr'>θ’.</span> <span class='ocrx_word' id='word_1_295' title='bbox 969 3441 1035 3508; x_wconf 67' lang='lat' dir='ltr'>cue</span> <span class='ocrx_word' id='word_1_296' title='bbox 1053 3425 1096 3478; x_wconf 64' lang='lat'>1³⁴.</span> <span class='ocrx_word' id='word_1_297' title='bbox 1139 3435 1141 3455; x_wconf 73' lang='lat'><strong><em>⁴</em></strong></span> 
     </span>
     <span class='ocr_line' id='line_1_37' title="bbox 74 3491 1097 3640; baseline -0.01 -16"><span class='ocrx_word' id='word_1_298' title='bbox 74 3503 586 3640; x_wconf 51' lang='lat' dir='ltr'>sebastopoleos.</span> <span class='ocrx_word' id='word_1_299' title='bbox 657 3491 1097 3625; x_wconf 58' lang='lat' dir='ltr'>depostulasset</span> 
     </span>
     <span class='ocr_line' id='line_1_38' title="bbox 74 3635 1020 3712; baseline -0.012 -14"><span class='ocrx_word' id='word_1_300' title='bbox 74 3641 228 3698; x_wconf 80' lang='lat' dir='ltr'>basilicam</span> <span class='ocrx_word' id='word_1_301' title='bbox 240 3642 327 3699; x_wconf 73' lang='lat' dir='ltr'>Barla.</span> <span class='ocrx_word' id='word_1_302' title='bbox 349 3644 353 3712; x_wconf 88' lang='grc' dir='ltr'>Ι</span> <span class='ocrx_word' id='word_1_303' title='bbox 374 3641 537 3698; x_wconf 86' lang='lat' dir='ltr'>coccolobin</span> <span class='ocrx_word' id='word_1_304' title='bbox 552 3640 596 3697; x_wconf 66' lang='grc' dir='ltr'>θ’.</span> <span class='ocrx_word' id='word_1_305' title='bbox 620 3641 742 3696; x_wconf 86' lang='lat' dir='ltr'>-lobotin</span> <span class='ocrx_word' id='word_1_306' title='bbox 754 3644 789 3692; x_wconf 77' lang='grc' dir='ltr'>Ι.</span> <span class='ocrx_word' id='word_1_307' title='bbox 814 3635 963 3694; x_wconf 85' lang='lat' dir='ltr'>eooolobin</span> <span class='ocrx_word' id='word_1_308' title='bbox 972 3649 1020 3688; x_wconf 74' lang='lat' dir='ltr'>re.</span> 
     </span>
    </p>
   </div>
   <div class='ocr_carea' id='block_1_5' title="bbox 133 3728 937 3785">
    <p class='ocr_par' dir='ltr' id='par_1_6' title="bbox 133 3728 937 3785">
     <span class='ocr_line' id='line_1_39' title="bbox 133 3728 937 3785; baseline 0.002 -4"><span class='ocrx_word' id='word_1_309' title='bbox 133 3741 202 3782; x_wconf 75' lang='lat' dir='ltr'>Pura.</span> <span class='ocrx_word' id='word_1_310' title='bbox 217 3749 275 3785; x_wconf 69' lang='lat' dir='ltr'>var.</span> <span class='ocrx_word' id='word_1_311' title='bbox 289 3751 352 3784; x_wconf 81' lang='lat' dir='ltr'>mar.</span> <span class='ocrx_word' id='word_1_312' title='bbox 378 3743 412 3785; x_wconf 91' lang='lat'>11.</span> <span class='ocrx_word' id='word_1_313' title='bbox 902 3728 937 3776; x_wconf 74' lang='lat'>²3</span> 
     </span>
    </p>
   </div>
   <div class='ocr_carea' id='block_1_6' title="bbox 0 0 1315 3952">
    <p class='ocr_par' dir='ltr' id='par_1_7' title="bbox 0 0 1315 3952">
     <span class='ocr_line' id='line_1_40' title="bbox 0 0 1315 3952; baseline 0 0"><span class='ocrx_word' id='word_1_314' title='bbox 0 0 1315 3952; x_wconf 95' lang='lat' dir='ltr'> </span> 
     </span>
    </p>
   </div>
  </div>
 </body>
</html>
