2588 3956
334 135 420 189 Nau.
439 134 531 190 ursa.
551 135 590 190 tx
608 141 713 192 sa-tr
733 139 859 206 <as-ae)
1042 139 1105 204 155

61 285 213 346 etatem
243 301 295 344 sex
327 283 409 346 milia
439 302 566 346 numero
597 303 791 348 murenarum
822 295 924 348 mutua
957 287 1106 368 adpendit.

63 391 161 434 nam
182 381 351 452 permutare
374 373 496 451 quidem
517 375 615 453 pretio
638 374 735 448 noluit
756 373 847 435 adare
871 393 980 436 merce.
1015 377 1105 440 huius

63 461 189 523 villam
208 461 287 538 infra
306 480 396 540 quam
414 461 565 522 modicum
582 461 654 546 ῙΧῙΙ
668 465 799 543 piscinae
814 465 1021 526 vendiderunt.
1053 469 1096 527 in·
1107 481 1158 532 172
1226 489 1230 501 *

67 553 168 611 vasit
185 549 253 612 dein
271 549 459 630 singulorum
476 552 604 632 piscium
622 569 714 612 amor.
750 552 828 632 apud
846 552 953 614 Baulos
972 555 1003 614 in
1021 563 1106 635 parte

13 651 31 694 5
69 638 199 700 Baiana
216 641 363 718 piscinam
380 638 484 702 habuit
497 637 676 702 Hortensius
693 647 803 721 orator,
823 643 855 702 in
874 660 933 721 qua
951 661 1106 704 murenam

69 728 162 790 adeo
193 727 297 789 dilexit
329 736 363 789 ut
396 730 592 790 exanimatam
622 729 710 790 desse
743 730 890 792 credatur.
941 733 972 792 in
1002 732 1105 794 eadem

68 816 155 877 villa
177 817 305 877 Antonia
327 816 418 878 Drusi
434 811 581 880 murenae
604 837 694 897 quam
717 817 857 897 diligebat
882 821 1002 880 inaures
1025 820 1104 882 addi-

72 906 139 986 dit,
164 907 252 967 cuius
275 913 400 986 propter
423 906 529 968 lamam
552 907 687 968 nonnulli
710 906 817 970 Baulos
840 907 941 968 videre
965 912 1104 990 concupi-

71 1001 203 1056 verunt.

21 1105 57 1144 io
155 1077 215 1146 56.
239 1076 315 1165 (82)
339 1081 515 1145 Coclearum
532 1085 641 1146 rivaria
663 1086 794 1146 instituit
812 1084 934 1146 Fulvius
952 1084 1157 1165 Lippinustte

75 1176 117 1234 in
131 1173 344 1251 Tarquiniensi
356 1171 446 1251 paulo
466 1181 535 1234 ante
553 1173 639 1234 civile
657 1173 769 1235 bellum
787 1174 868 1253 quod
882 1191 950 1234 enm
963 1173 1104 1255 Pompeio

77 1261 191 1342 Magno
215 1268 335 1340 gestum
357 1269 411 1341 est,
434 1259 582 1324 distinctis
602 1262 723 1341 quidem
745 1261 905 1342 generibus
924 1281 1036 1343 earum,
1060 1281 1104 1323 se-

78 1352 214 1430 paratim
241 1357 276 1410 ut
299 1357 399 1410 essent
426 1349 612 1429 albaequae
634 1353 667 1411 in
689 1351 814 1413 Reatino
837 1369 908 1431 agro
932 1359 1105 1431 nascuntur,

82 1441 248 1519 separatim
276 1445 311 1498 ut
332 1437 465 1517 Illyricae
483 1439 602 1519 ‘quibus
630 1440 801 1519 magnitudo
825 1442 999 1521 praecipua,
1028 1441 1104 1500 diri·

31 1549 65 1590 15
85 1547 177 1590 canae
203 1526 313 1607 quibus
335 1527 512 1609 iocunditas,
535 1527 683 1591 Solitanae
707 1528 816 1608 quibus
839 1528 986 1591 nobilitas.
1023 1531 1158 1608 quin1t4

86 1626 116 1678 et
146 1618 282 1696 saginam
311 1633 415 1676 earum
444 1625 646 1678 commentum
674 1636 743 1678 cum
773 1636 840 1680 esse
868 1637 939 1698 sapa
968 1625 999 1678 et
1025 1619 1105 1678 farre

86 1706 213 1786 aliisque
236 1703 411 1785 generibus,
441 1714 474 1767 ut
497 1705 615 1767 cocleae
644 1724 763 1785 quoque
793 1706 888 1768 altiles
915 1725 1039 1786 ganeam
1061 1709 1105 1767 in-

86 1795 214 1876 plerent,
240 1795 327 1855 cuins
350 1795 423 1854 artis
446 1794 539 1874 gloria
562 1797 594 1855 in
617 1813 683 1856 eam
704 1795 939 1874 magnitudinem
960 1796 1105 1876 perducta

87 1887 125 1945 sit
138 1892 174 1944 ut
188 1897 288 1944 Lxxx
306 1881 486 1962 quadrantes
505 1892 647 1963 caperent
665 1884 849 1964 singularum
863 1885 979 1964 calices,
1002 1892 1105 1945 auctor

39 1981 133 2035 zoest
155 1971 196 2034 M.
218 1971 334 2032 Varro.

155 2056 215 2123 57.
240 2053 314 2144 (83)
337 2061 470 2124 Piscium
491 2080 601 2141 genera
624 2065 787 2124 etiamnum
809 2080 826 2122 a
848 2061 1158 2142 Theophrastoli5

86 2153 163 2212 mira
186 2150 364 2230 produntur.
401 2154 480 2213 circa
494 2150 651 2231 Babylonis
673 2153 759 2230 rigua
781 2150 995 2212 decedentibus
1009 2149 1107 2211 fluviis

87 2243 120 2300 in
134 2240 271 2300 cavernis
285 2257 377 2318 aquas
390 2238 568 2301 habentibus
586 2257 742 2302 remanere
761 2239 914 2320 quosdam,
936 2238 1005 2299 inde
1025 2240 1105 2299 exire

87 2328 124 2389 ad
147 2327 256 2408 pabula
278 2327 410 2406 pinnulis
429 2328 599 2408 gradientes
617 2328 724 2390 crebro
748 2328 858 2391 caudae
875 2337 967 2408 motu,
989 2334 1105 2389 contra·

50 2439 75 2480 aa
89 2436 149 2498 que
164 2424 306 2478 venantes
330 2418 469 2496 refugere
491 2419 524 2478 in
543 2436 612 2479 suas
628 2435 769 2478 cavernas
793 2426 824 2478 et
846 2420 876 2478 in
895 2417 942 2478 bis
965 2416 1106 2477 obversos

87 2516 182 2586 stare,
213 2507 310 2586 capita
323 2524 437 2568 eorum
465 2525 532 2568 esse
555 2524 644 2568 ranae
668 2508 799 2568 marinae
827 2506 946 2586 similia,
975 2505 1105 2584 reliquas

87 2603 190 2675 partes
222 2593 397 2677 gobionnm,
432 2594 590 2657 branchias
622 2603 656 2656 ut
688 2597 796 2656 ceteris
822 2594 973 2675 piscibus.
1018 2596 1160 2656 circatae

89 2683 262 2746 Heracleam
294 2691 325 2744 et
355 2684 511 2746 Cromnam
544 2692 574 2745 et
605 2683 794 2746 multifariam
824 2686 857 2744 in
886 2684 982 2745 Ponto
1013 2701 1108 2744 unum

89 2791 185 2853 genus
209 2790 275 2833 esse
299 2773 379 2850 quod
402 2781 550 2834 extremas
569 2773 726 2834 fluminum
744 2791 836 2851 aquas
859 2779 991 2834 sectetur
1007 2790 1107 2832 caver·

52 2883 78 2926 ao
91 2881 204 2941 masque
228 2861 287 2922 sibi
308 2863 396 2923 iaciat
418 2864 450 2922 in
473 2869 553 2923 terra
577 2869 665 2941 atque
688 2864 719 2922 in
743 2861 789 2922 bis
812 2863 898 2943 vivat,
920 2862 1010 2922 etiam
1031 2864 1106 2921 reci·

160 3051 359 3108 euoluitlid„
432 3050 541 3106 diuina
558 3067 613 3122 epo.
640 3051 692 3118 cfr.
710 3053 787 3104 XVI
794 3055 860 3107 123.
887 3051 961 3105 inira
978 3051 1108 3121 stiffi

90 3123 163 3178 Dect.
192 3122 241 3178 XL
259 3127 310 3176 lle.
343 3121 531 3192 quadragmba
547 3127 579 3176 lt.
608 3121 699 3192 ·giens
717 3120 852 3190 amitat.
942 3125 977 3175 14
994 3123 1026 3175 ul
1043 3119 1107 3190 illy-

91 3193 164 3249 ricae
183 3198 216 3247 Β.
233 3192 297 3262 illy-
314 3210 339 3247 r.
419 3198 452 3249 tc
472 3195 661 3249 commentum
679 3209 744 3248 enm
762 3208 823 3248 esse
841 3207 897 3262 epo.
923 3193 1033 3248 videtur
1049 3207 1108 3247 cor-

89 3270 205 3334 ruptum
217 3279 272 3320 eoae
288 3266 321 3320 io
334 3266 527 3320 commentitii
545 3281 600 3331 ese,
618 3281 685 3319 nam
700 3266 892 3320 commentati
906 3266 950 3320 est
962 3269 993 3317 lt.
1021 3264 1108 3319 debus

90 3338 135 3392 est
151 3353 175 3393 r.
204 3337 327 3390 menius
345 3336 390 3390 esi
408 3335 486 3392 Pt'ett.
560 3341 592 3390 17
611 3338 644 3390 ut
660 3335 738 3389 Ν
757 3351 808 3392 om.
826 3351 849 3388 r.
919 3341 951 3390 19
970 3335 1034 3390 diat.
1052 3350 1108 3405 epo.

161 3413 197 3462 it
216 3406 382 3478 globionum
399 3406 438 3460 ⁵¹.
465 3405 613 3478 gobiorum
631 3406 670 3460 οἳ.
751 3410 785 3460 28
805 3405 955 3463 Cromnam
972 3411 1022 3461 vei.
1040 3405 1108 3460 Dal.

91 3495 207 3534 monam
228 3477 271 3532 1¹¹.
309 3478 416 3534 chronia
437 3483 469 3533 lt.
498 3493 584 3534 crona
605 3495 628 3532 r.
666 3477 816 3533 Cromnam
838 3479 868 3532 et
885 3477 991 3546 Lycum
1016 3475 1108 3532 Hard.

91 3549 128 3605 ad
144 3550 254 3619 Lycum
272 3563 392 3615 amnem,
411 3549 482 3605 'lion
500 3551 530 3604 eb
548 3548 697 3604 Oromnam
715 3550 786 3604 cotti.
804 3548 871 3602 Dal.
908 3549 959 3614 cfr.
975 3547 1112 3616 Titcopbr„

90 3620 174 3692 srpm.
193 3625 256 3687 171,
275 3625 302 3676 7.
330 3621 428 3676 Athen.
453 3623 527 3674 VIII
538 3639 567 3690 p.
587 3626 666 3677 3310.
686 3623 692 3689 Ι
712 3618 894 3674 multifariam
912 3618 979 3673 Dal.
1008 3617 1062 3671 ria
1080 3614 1108 3672 tt.
