2588 3956
355 496 392 569 O.
420 496 554 570 PLINI
581 495 790 570 saeuum

216 622 555 712 Nurummru
591 624 909 712 Hieromus

463 791 597 859 LIBER
619 793 675 859 IX.

91 1059 120 1124 l.
140 1058 197 1146 (1)
225 1063 407 1124 Anirualium
426 1083 501 1144 quae
520 1067 674 1126 terrestria
688 1065 898 1145 appellavimus
917 1066 1072 1127 hominum
1094 1085 1107 1131 1

53 1135 175 1229 quadam
201 1154 399 1213 consortione
422 1153 558 1232 degentia
585 1153 713 1214 indicata
736 1162 841 1214 natura
866 1163 918 1214 est.
965 1173 1001 1214 ex
1025 1174 1099 1215 re
1080 1151 1117 1201 ⁸¹

53 1238 137 1318 liquis
160 1243 308 1302 minimas
331 1259 397 1302 esse
420 1241 557 1302 volueres
579 1245 726 1303 convenit.
773 1242 966 1322 quamobrem
989 1247 1073 1322 p1ius

55 1345 231 1411 aequorum,
256 1331 388 1390 amnium
411 1338 643 1410 stagnorumque
667 1331 813 1392 dicentur.

35 1440 45 1479 s
117 1413 153 1481 2.
180 1419 264 1480 Sunt
288 1427 386 1480 autem
409 1419 562 1498 complura
589 1421 620 1479 in
647 1419 693 1480 his
721 1422 832 1480 maiora
863 1423 952 1482 etiam
979 1429 1109 1486 terre-2

55 1505 173 1568 strihus.
225 1525 315 1568 eausa
338 1508 459 1568 evidens
487 1510 600 1568 umoris
629 1507 754 1569 luxuria.
805 1508 860 1569 alia
883 1527 949 1570 sors
972 1510 1075 1570 alitum

58 1594 161 1670 quihus
186 1599 251 1658 vita
273 1596 482 1674 pendentibus.
527 1599 558 1656 in
582 1597 657 1657 mari
680 1605 779 1658 autem
801 1604 862 1657 tam
885 1598 943 1658 late
967 1602 1074 1678 supino
1115 1596 1122 1612 “

57 1683 195 1763 mollique
222 1703 257 1745 ao
282 1684 373 1746 lertili
396 1687 593 1767 nutrimento,
616 1687 779 1765 aaoipiente
803 1703 907 1748 causas
931 1687 1074 1766 genitales

61 1787 74 1828 e
95 1772 218 1834 sublimi
237 1776 569 1854 semperquepariente
584 1783 699 1856 natura,
722 1775 863 1854 pleraque
879 1777 968 1836 etiam
991 1793 1074 1836 mon-

28 1883 48 1920 o
59 1861 164 1922 suilioa
183 1865 383 1942 reperiuntur
400 1862 550 1942 perplexis
569 1871 599 1924 et
617 1865 649 1924 in
668 1871 763 1924 semet
777 1863 862 1924 aliter
877 1871 965 1942 atque
989 1863 1074 1924 aliter

61 1965 133 2010 nuno
155 1950 232 2012 flatu
257 1969 338 2012 nuno
361 1950 455 2012 fluctu
478 1951 644 2012 convolutis
668 1951 831 2012 seminibus
854 1959 942 2030 atque
964 1955 1073 2031 princi-

61 2037 123 2118 piis,
154 2059 226 2100 vera
250 2048 285 2100 ut
308 2041 367 2100 fiat*
381 2040 461 2119 vulgi
484 2042 584 2119 opinio
608 2041 750 2120 quioquid
774 2048 914 2100 nascatur
935 2043 966 2100 in
989 2049 1073 2120 parte

62 2133 178 2188 naturae
203 2128 274 2208 ulla,
298 2130 381 2189 etin
405 2131 480 2189 mari
504 2147 569 2189 esse
592 2137 771 2208 praeterque
795 2128 887 2189 multa
909 2147 984 2206 quae
1004 2147 1073 2189 nus-

15 2257 17 2261 .
63 2229 143 2291 qiam
166 2216 249 2278 alibi.
294 2235 397 2278 rernm
420 2217 549 2298 quidem,
571 2235 631 2278 non
651 2217 748 2278 solum
771 2217 953 2298 animalium,
984 2219 1108 2282 simu-3

34 2298 133 2364 nlaora
160 2308 263 2366 inesse
293 2305 364 2367 lieet
391 2305 564 2386 intellegere
592 2305 779 2367 intuentibus
806 2313 906 2386 uvam,
936 2305 1074 2388 gladium,

65 2407 164 2476 serras,
187 2396 330 2455 cucumin
348 2413 418 2454 vero
441 2402 471 2455 et
490 2393 590 2455 colore
613 2403 643 2456 et
666 2395 757 2454 odore
782 2395 917 2475 similem,
941 2413 1000 2473 quo
1019 2397 1072 2456 mi-

64 2495 114 2539 nos
126 2485 274 2544 miremur
288 2500 435 2562 equorum
449 2484 544 2563 capita
566 2485 598 2545 in
622 2492 682 2544 tam
696 2485 794 2563 parvis
809 2485 941 2544 eminere
954 2484 1073 2545 oooleis.

124 2565 157 2634 3.
182 2566 236 2655 (2)
267 2569 399 2634 Plurima
421 2581 521 2634 autem
548 2575 730 2633 et0maxima
754 2571 888 2632 animalia
915 2574 947 2632 in
970 2571 1072 2634 lndioo
1092 2590 1108 2637 4

68 2661 142 2740 nari,
164 2659 327 2740 exquibus
350 2661 499 2722 ballaenae
523 2669 702 2740 quaternum
717 2655 864 2741 iugerum,
887 2663 997 2740 pristes
1021 2661 1073 2722 du-

40 2761 167 2810 ncenum
194 2749 378 2832 cubitorum,
409 2752 518 2830 quippe
551 2749 602 2810 ubi
634 2750 766 2811 locustae
799 2743 942 2828 quaterna
975 2750 1074 2811 cubita

70 2833 200 2920 inpleant,
224 2839 368 2918 anguillae
392 2855 511 2918 quoque
534 2842 566 2899 in
585 2833 685 2918 Gange
709 2857 794 2899 amne
818 2840 951 2899 tricenos
973 2839 1073 2918 pedes.

72 2924 116 2984 sed
135 2928 165 2988 in
187 2930 264 2988 mari
286 2927 390 2988 beluae
414 2930 493 2988 oiroa
513 2927 638 2988 solstitia
659 2929 786 2988 maxime
808 2929 954 2988 visuntur.
1000 2935 1107 2991 tuneo

72 3009 122 3072 illio
143 3024 236 3078 ruunt
251 3017 407 3099 turbines,
430 3026 502 3078 tune
525 3009 649 3097 imbres,
676 3025 749 3077 tuno
774 3016 904 3076 deiectae
928 3019 1074 3077 montium

72 3099 138 3180 togis
160 3104 307 3184 procellae
332 3106 450 3166 altimo
474 3113 595 3167 vertunt
617 3107 708 3165 maria
730 3105 921 3184 pulsatasque
946 3123 982 3165 ex
1005 3123 1073 3184 pro-

45 3185 152 3252 sslundo
177 3193 281 3254 beluas
309 3214 377 3255 oum
404 3194 546 3255 fluctibus
568 3195 702 3275 volvunt,
733 3203 762 3253 et
785 3193 856 3254 alias
880 3200 972 3254 tanta
985 3196 1072 3270 tltpn·

78 3342 143 3357 κῇ,
155 3355 169 3358 -
178 3353 218 3358 -,..
229 3353 274 3359 ..ω-

135 3451 495 3523 eedWedBasfflomr
557 3456 684 3508 lueto
713 3453 807 3508 sedo.
836 3454 920 3506 setr
961 3452 1074 3505 luin-

78 3533 127 3576 eese
141 3525 219 3580 ΒΨ
246 3541 348 3582 esser.
392 3532 424 3580 16
444 3525 603 3598 οηοοιιωὶ)))
619 3530 649 3579 R.
696 3529 730 3578 23
749 3523 817 3577 illue
836 3541 860 3576 ι,
902 3527 936 3576 25
955 3523 1078 3626 thynno

79 3595 233 3664 rumque
251 3597 434 3652 tinnorumr.

121 3686 184 3727 Pm.
198 3697 253 3728 unu.
267 3697 328 3728 mar
351 3687 917 3734 11.ss
