2612 3962
319 137 404 205 Nar.
423 149 516 206 Risu.
535 151 587 206 xv
607 155 711 208 17-1s
731 153 858 222 nte-re)
1033 151 1100 217 405

72 301 252 382 praeierunt
275 302 405 382 cernetis,
432 317 537 380 magna
561 301 695 380 quaestio
720 311 781 382 est,
804 318 874 361 cum
896 300 925 361 id
950 319 1044 380 genus
1066 304 1099 362 in

71 391 208 453 Africam
239 391 411 469 nuperrime
437 389 604 451 ,transierit
663 390 776 469 patriae
813 407 922 452 nomen
959 393 1096 470 optinent
1116 399 1153 448 to

73 484 166 544 etiam
188 477 403 542 Alexandrinae
417 497 463 540 cx
486 479 590 560 nigris,
613 478 786 540 candicante
810 481 899 562 rima,
922 482 1097 559 cognomine

73 569 228 632 delicatae.
261 569 349 646 nigra
368 574 398 628 et
416 567 596 630 Rhodiatost
614 575 646 629 et
663 566 820 628 Tiburtina
838 567 876 628 de
893 569 1097 648 praecocibus.

47 665 149 720 ssime
172 665 203 718 et
217 664 387 720 auctorum
414 658 534 720 nomina
560 658 611 738 iis,
633 655 750 739 Liviae,
773 655 905 736 Pompei.
951 657 1097 720 siccandis

75 745 285 810 hacesolein
309 763 424 808 annuos
447 763 521 808 usus
544 747 697 824 aptissima
720 763 790 808 carm
812 748 947 810 mariscis
970 754 1001 808 et
1024 766 1098 826 quas

75 835 281 898 harundinum
313 833 376 896 lolii
408 834 523 896 macula
546 836 656 896 .variat
697 842 762 908 'est
788 843 818 896 et
847 835 1036 900 Herculanea
1067 843 1098 896 et

74 924 239 988 albicerata
257 931 288 986 et
306 923 491 1004 aratiasalba,
502 923 650 1002 ,pediculo
669 925 801 1005 mimmo,
820 923 973 986 latissima.
1001 925 1098 1004 primo
1119 917 1152 983 π

73 1023 177 1076 autem
195 1014 333 1092 prouenit
350 1012 543 1093 porphyritis,
565 1013 738 1092 longissimo
756 1011 903 1092 pediculo.
940 1015 1099 1075 comitatur

33 1117 57 1156 10
73 1101 677 1184 eom-emtoimis,-silissimispoputaris
695 1100 782 1164 dicta.
816 1109 920 1162 contm
938 1104 1099 1167 novissima

71 1191 131 1254 sub
155 1191 254 1252 meme
281 1197 449 1252 maturatur
476 1189 650 1253 chelidonia.
697 1199 767 1252 sunt
793 1197 949 1270 practerea
977 1191 1099 1254 eaedem

71 1281 227 1343 &rufinae
250 1287 281 1341 et
304 1297 474 1360 praecoces,
496 1279 623 1362 biferae,
646 1279 721 1348 alba¹
735 1299 768 1342 ac
792 1282 885 1363 nigra,
907 1299 977 1342 oum
991 1297 1098 1342 ‘messe

71 1369 283 1448 vindemiaque
302 1375 547 1432 maturescentes.
581 1371 730 1430 serotinae
749 1378 779 1430 et
797 1389 813 1432 a
834 1371 916 1432 corio
935 1370 1097 1452 appellatae

70 1459 161 1541 duro,
185 1476 222 1519 ex
246 1456 422 1520 Chalcidicis
446 1457 631 1536 quarundam
654 1459 759 1519 trilero
783 1467 938 1537 proventu.
976 1459 1099 1522 Tarenti
1118 1469 1152 1518 72

31 1563 54 1602 1⁵
70 1555 192 1610 tantum
217 1546 393 1626 praedulces
417 1554 582 1609 nesciantur
605 1564 679 1625 quas
692 1555 808 1614 ,uocant
831 1565 913 1609 onas.
941 1547 1036 1610 =Gato
1059 1549 1096 1610 de

69 1638 139 1700 ficis
172 1638 213 1698 ita
242 1644 400 1699 memorat:
437 1635 543 1698 Ficos
573 1637 747 1698 mariscas
777 1638 813 1698 in
843 1636 922 1697 loco
953 1646 1098 1699 cretoso
1133 1705 1134 1710 γ

70 1733 134 1788 ant
168 1733 295 1816 aperto
329 1726 459 1807 serito,
491 1727 528 1785 in
560 1724 640 1785 loco
672 1732 789 1787 autem
822 1728 1005 1788 crassiore
1037 1736 1099 1788 aut

70 1821 282 1876 stercorato
305 1813 493 1876 Africanas
515 1821 552 1874 et
573 1813 835 1898 Herculaneas,
859 1815 1098 1898 Sapcntinas,

69 1901 260 1984 hibernas,
282 1902 434 1964 'lelanas
457 1911 556 1964 atras
578 1903 748 1982 pediculo
770 1902 886 1984 longo.
926 1911 1030 1983 postea
1053 1911 1099 1964 tot
1169 1973 1172 1980 ¹

15 1993 54 2046 '20
70 1991 197 2053 subiere
217 1992 340 2052 nomina
364 1999 452 2070 anpuc
476 2009 587 2072 genera
614 2000 648 2053 ut
671 1991 717 2052 vel
740 1990 797 2052 hoc
822 1992 918 2054 solnm
941 1994 1097 2057 aestiman-

70 2079 158 2140 tibus
176 2086 316 2156 appareat
332 2087 475 2142 mutatam
492 2099 560 2142 esse
583 2082 682 2142 vitam.
719 2088 791 2144 sunt
814 2089 845 2142 ct
858 2079 1009 2144 ‘libornae
1032 2084 1097 2160 qui·

67 2165 201 2228 busdam
227 2167 402 2252 provinciis,
433 2172 479 2230 uti
505 2169 648 2252 Moesiae,
678 2169 731 2232 sed
759 2172 845 2252 artis,
868 2189 937 2232 non
964 2178 1096 2232 naturae.

67 2273 233 2337 parvarum
255 2274 350 2336 genus
374 2257 517 2320 arborum
538 2266 608 2339 post
630 2267 807 2320 autumnum
829 2260 899 2320 timu
923 2267 1096 2343 contegunt,
1116 2269 1149 2319 73

69 2344 337 2425 deprehensasque
359 2347 391 2408 in
414 2345 461 2408 his
484 2348 583 2408 bieme
606 2366 740 2430 grossos,
768 2366 844 2427 qnae
871 2350 989 2410 miu'ore
1011 2349 1095 2410 caelo

27 2450 53 2489 aa
68 2435 295 2496 relossaecum
314 2433 421 2497 arbore
445 2444 535 2516 atque
556 2439 590 2498 in
612 2436 711 2498 lucem
734 2439 877 2499 remissae
900 2456 993 2500 novos
1017 2438 1096 2500 soles

62 2522 218 2605 aliosque,
240 2541 329 2604 quam
348 2524 459 2604 quibus
478 2527 587 2608 uixere,
611 2525 694 2588 avide
713 2533 863 2605 tamquam
881 2529 991 2589 iterum
1010 2536 1096 2588 natae

27 2789 35 2816 ⁸
144 2783 269 2838 tainica
287 2791 337 2839 nc.
355 2787 359 2854 Ι
375 2786 437 2842 diet.
453 2803 508 2857 epo.
581 2787 704 2842 tetiam
722 2803 777 2858 epo.
804 2804 871 2843 nam
885 2787 943 2843 lto.
960 2789 964 2854 Ι
981 2785 1094 2842 alexan-

66 2854 171 2909 drinoe
189 2857 321 2911 neema.
332 2857 547 2914 anteGel.Dett.
576 2858 632 2914 -iae
646 2862 671 2913 d.
699 2859 760 2914 -ina
778 2858 921 2916 sorbillat.
939 2860 994 2928 lex
1006 2858 1095 2930 nigris

67 2941 128 3051 {ii
143 2925 562 3070 abira-latitia
579 2948 630 3056 dt
643 2929 873 3058 illicibd*
894 2935 944 3058 *a
957 2929 1095 3060 {litt

67 3067 112 3121 -io
124 3067 159 3122 all.
239 3073 347 3128 danne
365 3076 415 3126 lte.
492 3071 655 3128 sannas
732 3072 1004 3144 tponpbnnibisdc.
1032 3091 1094 3145 per-

64 3145 123 3192 ns.
151 3137 280 3222 porphir-
299 3157 321 3195 o.
375 3167 379 3174 ·
398 3148 433 3198 '10
454 3143 644 3198 stultissimis
662 3143 867 3200 eddcrttcddl.
891 3144 1094 3215 »vilissimisque

74 3208 137 3263 Uri.
151 3211 350 3267 ceodrum
379 3231 439 3269 cna
455 3214 529 3270 Dect.
610 3221 641 3269 11
654 3216 778 3272 eaedem
796 3220 842 3274 dc.
871 3215 953 3271 erlem
971 3222 1022 3272 bo.
1042 3233 1093 3274 ora.

65 3277 156 3360 addi.
255 3287 294 3338 iat
316 3283 427 3340 misano
446 3304 470 3339 s.
573 3291 609 3340 to
623 3287 1092 3344 ronosdbeddsanteldarbstord.

66 3352 295 3410 omas-cherc.
329 3357 633 3427 ammonuisset.
725 3362 759 3413 18
784 3357 1092 3428 Saguntinas-ed.Bae.

55 3437 173 3492 sagon·
182 3424 245 3480 cdd.
256 3427 397 3484 onteBco.
413 3427 563 3496 secontia
577 3434 602 3486 a
626 3429 699 3486 -inas
713 3446 737 3485 r.
810 3435 845 3484 19
864 3430 985 3485 Telonos
1000 3430 1092 3486 Hurd.

66 3492 206 3560 cin-Ouio
220 3501 286 3563 s,1.
319 3498 441 3554 telianns
460 3501 709 3558 lieddmtteBaa.
741 3500 823 3557 bella·
842 3500 961 3557 edBoe.
999 3501 1092 3556 tellia-

66 3566 110 3620 ed.
123 3563 180 3620 Get.
263 3572 297 3622 22
316 3570 358 3623 nli
376 3575 411 3624 Ι.
440 3570 523 3626 siculi
541 3588 586 3628 rc.
612 3575 697 3642 imon
716 3588 766 3629 cm.
780 3577 816 3628 Π.
889 3577 932 3629 126
942 3572 1091 3640 aquibus-

65 3639 217 3704 tamquam
235 3652 285 3694 om.
299 3644 334 3694 Ι.
