2606 3952
325 163 410 218 Nau.
430 162 523 220 fflau.
535 161 593 216 xv
612 168 718 220 18-14
737 163 865 231 <ra-u)
1035 161 1101 228 399

151 307 225 396 (15)
249 311 373 390 Reliqua
393 330 448 374 cur
465 313 565 390 pigeat
582 313 757 375 nominatim
768 311 915 393 indicare,
939 329 1008 374 cunr
1031 329 1100 374 con·
1120 321 1156 372 19

85 402 233 468 ditoribus
251 403 314 468 auis
332 408 484 464 aeternam
502 402 729 480 propagaverint
746 402 929 483 memoriam,
952 409 1103 480 tamquam

86 491 124 552 ob
141 492 298 571 egregium
316 488 435 568 aliquod
454 490 486 550 iu
504 491 564 549 rita
582 484 715 552 factunm?
750 491 811 552 nisi
827 487 927 572 fallor,
949 489 1104 570 apparebit

87 599 123 641 ex
142 598 177 641 cc
190 580 350 658 ¹ingenium
367 576 528 662 inserendi,
550 577 683 656 nihilque
702 586 763 640 tam
785 595 910 657 paruum
926 594 998 644 'esce
1022 579 1103 658 quod

59 684 146 732 cnon
169 667 294 748 gloriam
314 684 421 746 parcre
443 668 547 748 possit.
583 682 655 746 ergo
678 666 789 730 hahent
811 668 956 746 originem
978 685 996 727 a
1014 667 1103 729 Matio

91 758 249 836 Genioque
272 762 303 819 ct
324 753 438 836 Mallio,
457 755 531 822 item
554 754 695 836 Scaudi03
722 754 833 835 quibua
860 763 986 818 cotoneo
1013 759 1103 819 insito

87 845 237 926 alippio
260 863 276 904 e
296 833 416 907 Claudia
439 851 526 922 gente
544 842 677 924 Appiana
695 851 767 908 suut
784 846 997 924 cognominata.
1030 845 1104 906 odor
1122 855 1158 904 50

88 944 136 996 est
166 933 213 996 his
246 941 456 1011 cotoneorum,
486 933 659 1011 magnitudo
693 949 769 1012 quae
802 932 992 1014 sauciaris,
1021 933 1104 996 color

87 1022 209 1086 rubens.
246 1040 283 1085 ac
298 1039 336 1082 ne
355 1023 424 1100 quis
441 1021 473 1086 id
490 1020 605 1086 ambitu
622 1021 748 1092 ralrdsce
768 1020 911 1084 claritatis
929 1030 960 1084 et
978 1023 1104 1084 familiae

46 1127 73 1166 1⁰
87 1119 186 1193 putet,
215 1118 286 1182 sunt
307 1117 341 1172 ot
362 1108 519 1190 Sceptiana
542 1108 582 1170 ab.
608 1112 763 1174 inventore
793 1111 948 1193 libertino,
977 1113 1105 1190 insignia

88 1199 279 1271 rotunditate.
305 1197 399 1261 dato
421 1197 510 1262 adicit
534 1198 676 1269 Ouidana
698 1207 728 1260 et
751 1215 827 1278 quae
850 1199 995 1266 traditio
1019 1200 1105 1261 doliis

88 1289 177 1356 eundi
196 1288 362 1352 Scantiana.
397 1290 533 1356 omnium
555 1295 655 1351 autent
677 1290 851 1367 nuperrime
874 1289 1012 1368 adoptata
1035 1297 1107 1350 sunt

88 1395 178 1457 parra
200 1378 362 1456 gratissimi
384 1379 499 1456 saporis
521 1393 598 1456 quae
620 1375 743 1439 Petisia
753 1379 954 1448 nominantur.
995 1380 1106 1457 patrias

89 1465 281 1529 nobilitavere
308 1465 449 1526 Amerina
475 1473 507 1526 ct
533 1464 686 1529 Graecula.
735 1475 837 1532 catera
866 1485 882 1528 c
911 1469 1010 1531 caruis
1036 1470 1106 1528 aliia

47 1568 75 1610 15
89 1564 207 1629 traxere
229 1572 358 1617 nomena
375 1555 578 1634 germanitatis
600 1553 790 1617 cohaerentia
813 1563 843 1616 ct
865 1553 998 1636 gemella,
1021 1573 1106 1619 num·
1125 1563 1159 1612 tt

90 1661 179 1722 quam
201 1643 317 1724 singula
338 1645 371 1705 in
394 1641 471 1724 ictu,
494 1642 606 1707 coloris
625 1645 734 1724 syrica,
761 1645 959 1723 cognationis.
973 1644 1107 1726 nnlapia,

5 1730 10 1738 “
90 1740 205 1796 mustea
219 1751 236 1792 a
249 1731 402 1794 eeleritate
416 1731 601 1812 mitesceudi,
617 1749 696 1812 quac
710 1750 791 1794 nunc
804 1731 953 1797 melimela
965 1733 1107 1794 dicamur

90 1840 108 1882 a
131 1838 235 1900 sapore
259 1819 377 1902 melleo,
397 1820 560 1886 orbiculata
582 1840 599 1881 a
617 1822 712 1900 ligura
734 1820 816 1882 orbis
838 1823 870 1884 in
893 1821 1107 1884 rotunditatem

90 1912 272 1973 circumacti.
317 1909 391 1972 haec
413 1911 445 1972 in
468 1908 559 1988 Epiro
581 1911 712 1988 primum
734 1912 907 1990 provenisse
931 1918 1106 1990 argumento

46 2013 76 2054 9ο
90 2006 163 2060 sunt
190 1997 296 2063 Graeci
326 1999 378 2076 qui
404 1996 556 2076 Epirotica
584 2006 704 2079 vocant,
736 2017 762 2062 a·
786 2015 981 2063 mammarum
1010 1999 1107 2079 effigie

92 2085 298 2166 crtlromastia,
329 2103 346 2144 a
370 2083 547 2149 condicione
569 2089 691 2148 casuali
719 2089 843 2150 seminis
863 2087 1108 2168 quaeapadonia

91 2173 242 2255 appellant
268 2173 384 2253 Belgae.
434 2173 590 2237 melofoliis
618 2174 721 2238 folium
751 2193 857 2251 unum,
890 2176 1047 2255 adquando
1075 2185 1108 2238 et
1125 2185 1160 2234 tt

92 2264 246 2344 geminum
274 2263 405 2341 erumpit
434 2281 452 2322 e
482 2261 575 2330 latere
606 2262 722 2331 madio..
767 2263 924 2326 celerrime
955 2268 986 2327 in
1019 2283 1108 2343 rugas

93 2360 467 2432 marcescuntpannucea.
505 2350 610 2414 stolide
633 2359 751 2414 tument
771 2353 938 2432 pulmonea.
966 2362 1030 2426 est
1044 2355 1108 2432 qui·

47 2457 77 2499 aa
93 2441 219 2504 busdam
248 2441 430 2520 sanguineus
459 2439 540 2502 colos
569 2442 684 2520 origine
714 2458 750 2501 ex
781 2444 856 2502 mori
885 2445 977 2504 insitu
1006 2450 1108 2504 tracta.

94 2531 211 2592 cunctis
238 2548 309 2591 vero
337 2547 413 2608 quae
441 2529 525 2590 luere
552 2549 569 2591 a
596 2528 659 2592 sole
686 2537 787 2610 partes
817 2529 933 2592 rubent.
979 2539 1050 2592 sunt
1079 2539 1110 2592 et

167 2721 350 2788 ttamquam
368 2735 419 2774 om.
432 2726 482 2774 lta.
578 2717 767 2788 oceanoque
783 2718 1004 2778 centuriata.
1035 2720 1109 2788 gen

93 2792 153 2846 tio.
186 2789 261 2850 Seet-
281 2789 359 2848 Piet.
373 2807 387 2845 e
400 2791 504 2847 Ocima.
519 2793 649 2857 V10,19.
679 2793 684 2859 Ι
712 2790 819 2855 Manlio
836 2807 862 2848 c.
891 2792 896 2860 Ι
925 2789 1041 2846 mundio
1058 2789 1110 2844 ala

93 2862 153 2918 cod.
168 2859 249 2929 Cldff.
264 2862 374 2918 Ionae..
396 2861 512 2920 coendia
534 2861 685 2918 911119νά.
717 2862 804 2932 oppio
825 2868 875 2918 lic
908 2860 1026 2916 Claudio
1049 2861 1109 2916 edd.

94 2931 260 2993 nateHcrd.
332 2933 525 2990 Baoandiauic
544 2933 656 2991 dHnrd.
690 2933 739 2990 aed
756 2933 884 2990 audiania
903 2951 927 2988 ι
961 2931 1014 2986 aed
1028 2930 1109 2988 Clen-

93 3003 187 3058 dianin
198 3005 264 3059 cdd.
275 3009 339 3060 ante
348 3004 405 3060 aaz.
478 3011 494 3059 9
509 3004 617 3066 ambitu
630 3021 655 3061 o.
682 3006 756 3060 -tam
770 3004 798 3060 ll.
815 3007 819 3072 Ι
835 3006 865 3060 et
876 3002 1003 3058 familiae
1017 3007 1109 3058 nodo.

94 3073 241 3130 elamilio
258 3076 341 3146 adoll.
415 3081 449 3134 14
462 3075 714 3132 amerinaiHcrd.
743 3075 849 3130 demer·
864 3094 888 3131 9
916 3073 1109 3130 temerianar.

95 3145 246 3204 Camerina
268 3147 501 3205 eddcotcllord.
531 3147 535 3214 Ι
565 3145 703 3202 Graecula
720 3161 745 3203 o.
847 3147 904 3202 ·ll.
934 3148 938 3214 l
968 3145 1032 3200 aliis
1054 3161 1109 3214 epo.

94 3234 148 3273 om.
164 3216 223 3272 lio.
240 3216 292 3284 cfr,
305 3220 382 3270 XIII
390 3221 417 3272 4.
441 3271 444 3276 ,
495 3223 529 3272 16
547 3215 649 3272 colorio
667 3217 752 3270 iedd.
814 3259 821 3274 .
849 3233 891 3272 -ec
908 3217 1001 3272 rDetl.
1031 3232 1111 3270 aco-

94 3291 163 3352 lore
176 3288 309 3343 adducta
318 3289 376 3344 Gel.
399 3292 404 3356 Ι
427 3287 520 3358 syrica
537 3287 710 3348 ad’iIIcrria
738 3287 819 3350 iana
835 3287 873 3342 (1¹.
901 3287 986 3344 aia-ica
1001 3305 1025 3342 r.
1055 3302 1110 3340 aer-

90 3359 232 3415 cacano
240 3358 331 3424 Hcrd.
361 3361 366 3427 Ι
395 3357 571 3430 cognaficnie
592 3357 746 3418 eeancez.
778 3374 841 3412 -aee
857 3375 881 3414 r.
913 3375 959 3412 -ne
977 3359 1112 3414 addente

95 3429 241 3486 Getflect.
266 3489 269 3494 ,
314 3437 346 3486 19
360 3431 471 3484 mustea
483 3435 508 3494 ’9,
532 3431 580 3488 «ia
593 3430 621 3492 ll.
695 3434 728 3484 19
742 3427 964 3499 proueniaaedo.
991 3444 1072 3498 parn-
1086 3445 1110 3483 r.

170 3505 205 3562 99
229 3516 246 3554 9
267 3516 321 3570 epo.
344 3517 394 3559 oro.
413 3501 474 3560 dc.
562 3533 565 3541 =
589 3505 623 3556 91
647 3499 833 3556 ortlromeetia
851 3500 908 3553 cod.
923 3497 1110 3566 0199999.

20 3587 21 3590 ’
95 3569 188 3630 -sthia
209 3575 234 3626 d.
266 3571 351 3631 -atice
372 3573 491 3637 odilae.
527 3570 758 3644 emundationi
795 3569 879 3626 -ctica
900 3569 959 3624 edd.
970 3568 1110 3624 99191399,

95 3643 187 3698 -athia
204 3643 248 3696 1>¹.
276 3642 361 3698 mihin
379 3661 401 3699 o.
429 3641 628 3700 ortcniaatnia
645 3660 671 3696 a.
744 3647 778 3698 tu
796 3637 940 3696 latitudo.
969 3638 998 3692 in
1013 3637 1075 3692 mnu
1087 3655 1110 3693 r.
