2620 3948
218 131 282 194 144
561 128 590 184 O.
609 128 708 183 PLINI
727 125 885 182 SECUNDI

217 296 286 339 cum
308 280 368 338 vita
391 294 497 336 sucum
518 294 586 337 eum
606 285 753 338 evomunt.
791 283 822 336 et
840 273 1001 335 maioribus
1020 273 1140 352 quidem
1158 290 1225 351 pur·

216 369 300 446 puris
324 366 456 426 detracta
484 364 596 425 concha
620 364 772 446 auferunt,
803 366 933 424 minores
961 380 1031 422 cum
1052 365 1128 425 testa
1151 363 1227 420 vivas

168 463 218 515 127
229 456 390 536 frangunt,
412 455 453 513 ita
483 452 604 513 demum
633 470 702 514 eum
726 459 914 532 exspuentes.
959 451 1031 530 Tyri
1052 451 1228 529 praecipuus

172 536 174 542 ’
218 543 389 623 1111111111,
420 541 556 621 Meninge
584 541 700 606 Africae
729 549 759 603 et
787 539 911 602 Gaetulo
933 539 1025 599 litore
1054 539 1170 618 oceani,
1199 539 1229 598 in

218 631 363 694 Laconica
381 629 527 710 Europae.
569 630 664 692 sasces
686 634 759 693 huic
783 646 964 707 securesque
983 627 1132 706 Romanae
1155 627 1255 688 dama

218 717 346 800 iaciuht,
373 719 511 798 idemque
538 737 593 798 pro
618 721 771 780 maiestate
797 719 943 798 pueritiae
968 723 1022 776 est.
1076 715 1230 794 distinguit

219 808 254 869 ah
279 809 379 887 equite
403 809 529 888 curiam,
560 807 605 872 dis
629 808 788 870 advocatur
809 804 960 885 placandis
983 821 1160 884 omnemque
1183 821 1230 864 ve-

219 906 296 960 stem
319 896 484 977 inluminat,
507 898 539 956 in
562 896 734 978 triumphali
757 897 901 972 miscetur
924 912 1005 956 auro.
1050 899 1231 972 quapropter

220 992 359 1046 excusata
382 992 412 1044 et
429 1002 581 1064 purpurae
600 987 640 1046 sit
657 987 779 1048 insania.
816 984 868 1044 sed
887 982 966 1044 unde
986 979 1146 1062 conchyliis
1164 998 1231 1059 pre-

218 1076 269 1156 tia,
292 1075 359 1152 quis
381 1074 463 1133 virus
486 1091 574 1151 grave
597 1075 629 1134 in
652 1075 730 1158 luco,
754 1073 835 1138 color
858 1079 997 1134 austerus
1020 1073 1052 1132 in
1075 1069 1178 1148 glauco
1203 1076 1233 1129 et
1247 1090 1273 1129 10

219 1163 359 1222 irascenti
383 1161 486 1241 similis
509 1157 607 1222 mari?

167 1247 219 1298 128
287 1248 400 1328 Lingua
418 1267 569 1329 purpurae
587 1248 771 1330 longitudine
791 1248 912 1330 digitali,
936 1267 994 1327 qua
1011 1248 1143 1328 pascitur
1165 1263 1234 1326 per·

219 1338 342 1399 iocando
367 1337 481 1416 reliqua
500 1337 660 1420 conchylia.
698 1346 778 1400 tanta
797 1338 906 1399 duritia
925 1336 1027 1400 aculeo
1048 1343 1101 1396 est.
1138 1351 1234 1412 aquae

220 1426 375 1487 dulcedine
406 1433 551 1489 necantur
581 1436 614 1488 et
641 1425 737 1488 sicubi
769 1425 882 1492 flumen
906 1427 1094 1506 inmergitur,
1123 1423 1236 1502 alioqui

218 1523 321 1593 captae
346 1522 376 1574 et
399 1513 504 1574 diebus
527 1517 743 1595 quinquagenis
766 1517 868 1576 vivunt
892 1514 981 1577 saliva
1005 1530 1065 1573 sua.
1102 1511 1235 1573 conchae
1250 1531 1273 1572 15

193 1613 196 1622 “
220 1620 324 1662 omnes
347 1603 503 1664 celerrime
527 1613 675 1686 crescunt,
698 1605 857 1685 praecipue
880 1620 1039 1684 purpurae.
1082 1601 1151 1666 anni
1172 1617 1233 1662 ma·

220 1690 407 1769 gnitudinem
429 1691 553 1771 inplent.
1128 1711 1130 1715 ·

169 1783 219 1832 129
288 1772 363 1862 (61)
388 1779 517 1850 Quodsi
536 1779 680 1844 hactenus
694 1788 879 1842 transcurrat
897 1781 1051 1860 expositio,
1070 1777 1235 1850 fraudatam

103 1905 105 1912 ·
210 1867 356 1946 pruteno
386 1887 418 1928 se
447 1868 565 1930 luxuria
595 1869 696 1930 credat
728 1888 842 1948 nosque
874 1868 1075 1948 indiligentiae
1106 1866 1234 1928 damnet.

221 1955 414 2033 quamobrem
437 1974 653 2036 persequemur
677 1959 766 2019 etiam
788 1959 934 2038 officinae,
965 1966 1007 2040 ut,
1030 1965 1180 2033 tamquam
1203 1956 1235 2013 in
1249 1974 1275 2014 1ο

23 2087 111 2114 ρ...
221 2046 301 2105 victu
329 2045 449 2125 frugum
472 2049 607 2108 nescitur
629 2049 715 2128 ratio,
744 2049 786 2108 sic
810 2064 913 2107 omnes
942 2049 994 2125 qui
1012 2043 1236 2142 ,istis-gaudent

169 2137 221 2186 130
229 2136 361 2212 praemia
387 2136 463 2196 vitae
492 2153 562 2196 suae
591 2135 723 2199 calleant.
770 2135 951 2196 concharum
974 2135 1009 2196 ad
1032 2149 1182 2214 purpuras
1206 2139 1237 2191 et
1297 2161 1298 2210 1

222 2223 374 2302 conchylia
398 2257 439 2264 —
464 2224 568 2284 eadem
591 2227 670 2285 enim
699 2232 743 2284 est
766 2225 903 2305 materia,
935 2223 987 2284 sed
1011 2223 1100 2284 distat
1122 2228 1236 2300 tempe·

221 2319 356 2371 ramento
380 2312 504 2371 ——duc
529 2321 599 2374 sunt
621 2330 743 2392 genera:
772 2313 916 2374 bucinum
937 2315 1036 2372 minor
1063 2309 1176 2371 concha
1200 2308 1238 2370 ad

222 2399 445 2464 similitudinem
468 2401 532 2460 eius
557 2419 614 2479 qua
632 2400 734 2462 bucini
757 2419 849 2462 senus
868 2401 975 2482 editur,
997 2399 1077 2461 unde
1097 2405 1127 2458 et
1145 2415 1239 2460 causa
1254 2415 1279 2456 aa

222 2489 343 2568 nomini,
366 2487 548 2548 rotunditate
572 2492 633 2550 oris
656 2491 687 2550 in
710 2491 843 2568 margine
866 2490 968 2559 incisa.
1014 2487 1141 2550 alterum
1164 2505 1238 2566 pur-

222 2592 296 2652 pura
320 2584 442 2636 vocatur
466 2577 661 2638 canaliculato
680 2585 876 2656 praecurrente
901 2585 1000 2638 rostro
1023 2584 1054 2638 et
1077 2574 1240 2636 canaliculi

222 2661 314 2724 latere
334 2665 482 2724 Introrsus
505 2665 648 2747 tubulato,
671 2684 728 2745 qua
747 2667 917 2748 proseratur
935 2666 1043 2746 lingua.
1080 2671 1241 2743 practerea

224 2751 367 2813 clavatum
390 2761 435 2814 est
459 2753 494 2813 ad
513 2753 664 2815 turbinem
683 2773 778 2833 usqne
797 2754 908 2816 aculeis
931 2757 962 2815 in
981 2753 1085 2814 orbem
1103 2753 1241 2831 septenis

224 2839 299 2920 fere,
332 2843 383 2920 qui
410 2859 469 2901 non
498 2850 568 2903 sunt
590 2841 714 2924 bucino,
747 2844 799 2905 sed
827 2845 962 2923 utrisque
991 2841 1080 2902 orbes
1110 2841 1241 2901 totidem
1256 2858 1281 2898 ac

1297 2947 1298 2978 l

294 3108 310 3156 a
329 3103 403 3156 usca
421 3103 512 3158 11111.
539 3105 588 3172 cfr.
603 3104 692 3158 Anat.
711 3106 784 3158 1115
792 3119 823 3172 p.
839 3102 935 3168 54111,
944 3106 993 3158 aa.
1019 3101 1240 3169 1111111111)
1297 3071 1298 3156 l

224 3173 251 3226 ll.
269 3175 272 3241 l
288 3173 368 3226 uiuae
386 3179 439 3228 lta.
467 3174 541 3232 uitas
559 3174 600 3229 1³⁹.
630 3175 678 3229 -cis
696 3192 719 3230 r.
805 3172 952 3244 tmcnige
970 3172 1035 3226 B¹d.
1064 3171 1172 3228 minim'
1193 3170 1241 3225 ΒΞ.
1297 3157 1298 3230 l

295 3250 311 3298 5
330 3245 395 3299 huic
413 3246 479 3301 Dal.
495 3245 545 3300 del.
564 3246 606 3300 1².
629 3249 662 3300 ut
679 3263 702 3300 1.
728 3246 794 3301 hinc
812 3245 902 3300 fasces
921 3245 980 3300 cdd.
994 3249 1054 3298 cea.
1093 3249 1125 3297 13
1146 3258 1241 3311 aquae
1297 3265 1298 3268 ¹

222 3320 275 3371 Rc.
305 3332 374 3370 -111,
440 3322 473 3370 14
492 3316 639 3372 dulcedine
658 3322 702 3373 ed.
732 3317 806 3372 -cedi
823 3321 854 3370 B.
887 3313 986 3370 -ci1‘².
1015 3314 1084 3368 -eidi
1100 3331 1123 3368 r.
1141 3313 1145 3384 Ι
1162 3313 1243 3368 cani·
1297 3333 1298 3340 ¹

223 3387 270 3439 tur
288 3392 312 3441 d.
394 3393 428 3441 20
446 3389 635 3456 uttamquam
653 3387 728 3444 1²2².
758 3388 835 3442 uiam
848 3404 933 3458 qnam
951 3404 975 3442 1.
1057 3391 1090 3440 22
1108 3385 1243 3454 praemio

223 3461 301 3510 Fun.
409 3463 443 3512 ‘25
470 3461 498 3513 at
516 3475 566 3514 om.
585 3464 639 3513 Bi.
746 3465 780 3515 27
806 3458 993 3514 canaliculato
1016 3457 1073 3512 cod.
1092 3456 1159 3510 Dal.
1187 3458 1243 3524 cfr.
1297 3485 1298 3488 ¹

223 3525 325 3592 5103.
355 3528 444 3582 canic·
464 3530 491 3586 ll.
518 3531 521 3596 Ι
548 3530 697 3584 canaliculi
715 3533 771 3586 cod.
787 3531 853 3586 Dal.
883 3529 1010 3586 canicula
1027 3528 1062 3580 1¹¹²
1079 3528 1112 3582 ia
1125 3528 1178 3582 lac.
1208 3529 1257 3584 -li·

225 3593 545 3655 attenuatione.
564 3605 588 3655 d.
608 3607 706 3656 01111).
770 3607 805 3656 28
823 3601 981 3672 proferatur
997 3599 1057 3654 1²⁹d.
1084 3615 1196 3670 proser-
1217 3617 1243 3656 r.
1297 3639 1298 3666 3
