2628 3950
347 140 431 196 nau.
450 139 542 196 mer.
561 141 614 196 vu
631 146 737 196 so-se
757 144 883 212 (er-as>
1077 142 1120 206 43

102 289 258 370 praefandi
276 292 429 350 umorise
449 306 574 370 corpore
593 289 754 371 effluvium,
776 293 808 351 in
827 290 983 352 oculorum
1000 289 1122 370 quidem

102 386 135 438 et
157 379 276 439 narium
298 386 420 458 aspectu
444 377 608 440 indubitata
630 381 766 460 maxime,
788 386 877 458 atque
901 381 991 440 etiam
1014 381 1120 459 supino

102 465 227 528 adsidue
255 465 372 548 cubitu,
403 484 546 528 venarum
573 467 752 547 inaequabili
780 475 831 529 aut
853 468 1028 530 formicante
1053 485 1120 547 pcr-

101 573 205 636 cussu,
228 573 363 635 quaeque
383 555 438 616 alia
455 554 668 635 Hippocrati
690 557 818 636 principi
836 555 1000 618 medicinae
1019 555 1120 617 obser·

72 652 170 706 svau
194 652 272 706 sunt.
304 651 335 705 et
358 662 427 704 cum
449 643 676 706 innumerabilia
695 647 754 705 sint
777 647 883 705 mortis
902 647 994 725 signa,
1017 645 1121 706 salutis

102 734 334 812 securitatisque
358 731 438 794 nulla
461 740 544 813 srmt,
572 734 681 812 quippe
705 751 775 794 cum
797 734 952 794 comorius
976 732 1062 794 Cato
1085 731 1121 793 ad

102 819 198 882 tilium
220 821 257 882 de
280 820 383 882 validis
406 839 526 900 quoque
549 821 787 884 observationem
809 829 844 882 ut
866 840 903 883 ex
925 821 1046 885 oraculo
1069 821 1120 882 ali-

102 927 164 988 quo
187 908 353 990 prodiderit
374 909 499 970 senilem
521 911 672 972 iuventam
692 917 899 991 praematurae
926 912 1031 972 mortis
1054 927 1120 970 esse

102 1000 231 1078 signum.
280 998 454 1060 morborum
483 1017 554 1059 vero
583 1007 644 1084 tam
671 999 786 1060 inlinita
816 1006 863 1059 est
890 997 1048 1060 multitudo
1078 1004 1112 1059 ut
1123 1004 1174 1054 lta

60 1101 88 1142 10
102 1085 293 1167 Pherecydes
312 1087 417 1167 Syrius
439 1089 625 1167 serpentium
643 1087 834 1150 multitudine
857 1105 894 1148 ex
912 1105 1038 1166 corpore
1058 1088 1122 1148 eius

102 1183 280 1255 erumpente
309 1177 513 1256 exspiraverit.
566 1175 744 1256 quibusdam
769 1183 914 1256 perpetua
948 1174 1040 1237 labris
1068 1182 1122 1254 est,

102 1267 183 1327 sieut
206 1264 237 1326 C.
259 1264 430 1326 Maecenati.
476 1265 574 1326 eidem
600 1267 730 1326 triennio
758 1282 899 1344 supremo
927 1263 1008 1324 nullo
1031 1263 1121 1323 horae

102 1361 258 1415 momento
278 1355 403 1434 contigit
425 1371 557 1416 somnus.
582 1353 739 1434 Antipater
758 1353 899 1414 Sidonius
920 1359 1010 1433 poeta
1028 1353 1121 1412 omni·

103 1441 161 1504 bus
184 1445 269 1504 annis
291 1461 352 1504 uno
376 1442 423 1504 die
441 1449 558 1504 tantum
580 1443 671 1506 natali
693 1441 912 1523 corripiebatur
930 1441 1013 1503 lehre
1037 1449 1067 1501 et
1086 1459 1122 1500 eo

63 1544 89 1584 1⁵
103 1539 300 1611 consumptus
324 1538 371 1593 est
392 1533 464 1592 satis
486 1531 573 1610 longa
596 1539 725 1593 senecta.

172 1615 231 1683 52.
261 1615 335 1703 (53)
374 1620 475 1681 Aviola
498 1620 663 1682 consiliatis
686 1623 812 1699 inrogo
835 1621 943 1680 revixit
965 1626 1009 1700 et,
1039 1636 1111 1698 quo·
1123 1623 1174 1674 173

104 1711 184 1771 niam
216 1709 368 1770 subveniri
400 1726 460 1769 non
489 1715 629 1788 potuerat
659 1709 846 1788 praevalente
876 1709 1005 1789 flamma,
1038 1708 1121 1768 vivus

105 1805 254 1860 crematus
282 1806 338 1859 est.
386 1796 490 1858 similis
518 1816 606 1858 causa
636 1799 667 1858 in
694 1796 726 1858 L.
753 1796 853 1857 Lamia
880 1799 1031 1876 praetorio
1058 1797 1122 1854 viro

106 1887 241 1949 traditur.
286 1904 355 1947 nam
378 1885 409 1948 C.
432 1885 548 1947 Aelium
570 1885 761 1947 Tuberonem
783 1894 924 1965 praetura
947 1885 1083 1946 functum
1106 1902 1122 1943 a

65 1991 92 2030 eo
105 1994 178 2056 rogo
201 1975 328 2037 relatum
345 1974 469 2036 Messala
487 1975 584 2036 Rufus
607 1983 638 2036 et
660 1974 795 2055 plerique
813 1975 943 2035 tradunt.
980 1973 1053 2034 haec
1077 1979 1123 2032 est

106 2065 241 2129 condicio
268 2063 446 2126 mortalium.
492 2064 529 2124 ad
555 2061 609 2124 has
637 2071 667 2124 et
695 2062 841 2124 eiusmodi
868 2064 1039 2122 occasiones
1062 2061 1121 2120 ior·

106 2162 195 2215 tunae
223 2155 385 2234 gignimur,
414 2154 459 2214 uti
484 2151 521 2212 de
543 2152 663 2214 homine
691 2169 729 2211 ue
757 2152 847 2211 morti
870 2150 991 2228 quidem
1017 2148 1123 2208 debeat

106 2242 197 2304 credi.
251 2243 419 2323 reperimus
452 2243 531 2302 inter
563 2240 696 2320 exempla
728 2239 905 2300 Hermotimi
937 2237 1114 2298 Clazomenii
1125 2243 1176 2292 174

106 2334 234 2394 animam
262 2330 367 2392 relicto
397 2347 523 2410 corpore
554 2347 655 2391 errare
684 2328 801 2390 solitam
827 2345 988 2406 vagamque
1017 2344 1033 2385 e
1060 2325 1122 2385 lon-

66 2435 93 2476 as
106 2422 218 2500 ginquo
240 2419 334 2481 multa
357 2418 531 2480 adnuntiare
555 2436 631 2498 quae
655 2419 714 2479 nisi
736 2436 753 2478 a
775 2422 932 2497 praesente
956 2416 1040 2476 nosoi
1062 2431 1123 2474 non

106 2516 243 2591 possent,
275 2525 401 2588 corpore
433 2509 553 2569 interim
586 2508 765 2588 semianimi,
796 2505 892 2567 donec
924 2511 1055 2565 cremato
1087 2519 1123 2562 eo

107 2599 220 2660 inimici
243 2599 295 2677 qui
311 2595 506 2658 cantharidae
528 2595 710 2658 vocabantur
732 2597 878 2656 remeanti
900 2595 1013 2654 animae
1032 2591 1124 2652 veluti

107 2689 241 2767 vaginam
261 2685 439 2766 ademerint3
462 2686 595 2746 Aristeae
613 2687 703 2747 etiam
720 2686 813 2744 visam
831 2682 997 2744 evolantem
1015 2699 1052 2741 ex
1070 2697 1123 2740 ore

107 2779 139 2837 in
166 2776 357 2836 Proconneso
390 2776 471 2835 corvi
503 2774 613 2854 effigie,
650 2791 725 2853 quae
756 2789 861 2851 magna
889 2772 1042 2850 quaeritur
1069 2768 1124 2828 hae

69 2878 96 2920 eo
109 2863 304 2927 fabulositate.
337 2881 427 2941 quarn
444 2861 582 2941 equidem
606 2865 686 2924 etin
705 2861 815 2922 Gnosio
829 2859 1003 2939 Epimenide
1026 2857 1176 2920 similitu

110 3020 323 3031 -——--——-——

181 3123 346 3194 lprofandi
364 3127 462 3178 Mad.
536 3122 628 3178 asini
645 3138 695 3177 orn.
714 3125 767 3176 Bd.
841 3126 875 3174 20
896 3118 1018 3176 Messala
1035 3115 1124 3170 Rufus

110 3197 204 3252 Dulce.
230 3196 280 3263 cfr.
298 3196 411 3250 Brenn.
434 3195 467 3250 de
489 3199 561 3250 auct.
584 3195 643 3248 ind.
664 3193 741 3248 Ptin.
756 3209 787 3261 p.
797 3195 842 3246 13.
878 3189 1013 3255 Messala,
1035 3186 1124 3242 Rufus

110 3267 236 3323 Harae.
304 3273 338 3322 22
357 3265 442 3321 morti
459 3263 612 3318 B²r²a²d².
640 3264 715 3319 sorte
733 3263 778 3318 1¹.
806 3261 873 3317 forti
891 3262 929 3316 d¹.
957 3259 1029 3314 forte
1047 3273 1071 3312 r.

111 3345 144 3394 23
168 3339 202 3393 de
221 3337 315 3392 anima
332 3336 487 3408 reperimus
504 3340 558 3389 ed.
586 3335 739 3406 reperimus
757 3351 780 3388 r.
862 3336 950 3387 2228
969 3329 1060 3385 ueluti
1077 3345 1125 3383 aa·

132 3410 207 3464 'am
227 3409 345 3462 nivel.
373 3407 452 3463 velut
468 3407 622 3477 imaginem
640 3423 663 3460 r.
749 3411 783 3460 29
807 3402 900 3473 effigie
918 3417 990 3483 quae
1009 3405 1058 3453 dr.
1086 3399 1125 3453 ef·

110 3427 175 3551 {Me
196 3485 229 3534 B.
257 3479 378 3551 effigiem
396 3495 419 3534 r.
446 3481 452 3547 t
476 3477 602 3546 seqnitur
619 3477 657 3531 ι’.
689 3475 833 3546 quaeritur
856 3474 978 3543 (q3r1tus
995 3471 1028 3538 B)
1047 3485 1091 3552 rc.
1119 3469 1124 3536 Ι

112 3567 159 3607 ece
183 3552 228 3605 12¹.
260 3550 330 3606 heco
354 3550 399 3604 ι’.
430 3549 485 3604 hac
510 3566 533 3604 r.
572 3550 689 3616 fortasse
713 3562 798 3615 quem
822 3559 926 3612 magua
949 3539 1126 3610 proseqmtur

113 3621 231 3679 Graecia
247 3621 441 3690 fabulositate,
459 3637 525 3676 nom
543 3621 618 3676 bna
636 3619 890 3683 maecenates
907 3617 952 3667 eet.
1128 3643 1129 3648 κ
