2624 3954
315 109 400 165 unu.
418 109 511 166 ausu.
531 110 583 166 xit
603 117 707 166 m-sr
727 113 854 182 (to-rs)
1031 112 1097 178 305

63 262 132 340 .qui
163 260 340 339 exprimitur
372 259 556 340 odoratiore‚
592 269 765 322 nascentem
801 263 833 322 in
870 261 1095 342 campestribus.

80 349 251 429 Aegyptiam
269 349 457 428 pinguiorem
480 366 547 410 esse
571 356 601 410 et
623 351 769 412 crassiore
792 352 905 412 cortice
928 349 1087 414 rubentem
1098 358 1149 408 102

81 446 123 521 et,
146 438 278 517 quamvis
301 439 333 498 in
356 435 539 518 palustribus
562 446 711 520 nascatur,
734 437 903 502 breviorem
926 441 1095 518 sicciorem·

81 545 151 607 que3
170 544 186 586 e
206 525 324 587 diverso
338 525 494 588 Arabicam
513 524 638 588 viridem
657 545 691 588 ac
710 529 879 590 tenuiorem
898 536 937 610 et,
956 531 1096 607 quoniam

54 618 119 678 esit
141 623 310 697 montuosa,
334 617 520 697 spissiorem3
542 614 630 695 longe
654 623 754 678 autem
776 619 917 697 optimam
940 617 1095 680 Petraeam

80 723 116 768 ex
142 721 202 784 quo
229 705 357 768 diximus
385 704 507 786 oppido,
538 705 624 784 nigro
652 707 777 786 cortice,
809 705 915 768 nucleo
943 706 1149 770 candidoque

78 795 267 873 unguentarii
299 800 399 855 autem
431 801 547 856 tantum
578 796 708 856 cortices
738 802 893 875 premunt,
925 794 1034 857 medici
1066 802 1097 858 et

79 881 209 964 nucleos,
232 882 394 944 tundentes
418 881 521 943 adfusa
544 882 687 962 paulatim
710 883 803 946 calida
825 901 910 964 aqua.

145 965 201 1034 22.
235 963 309 1054 (47)
350 969 538 1051 Myrobalauo
571 974 603 1034 in
635 975 796 1052 unguentis
828 971 955 1034 similem
986 974 1085 1053 proxi·
1097 986 1147 1034 103

37 1075 64 1116 ro
77 1078 217 1140 mumque
240 1079 330 1122 usum
351 1058 441 1122 babet
462 1059 559 1140 palma
581 1062 612 1120 iu
635 1059 767 1142 Aegypto
790 1079 867 1141 quac
890 1068 1013 1122 vocatur
1035 1061 1094 1122 adi·

77 1168 160 1232 psos,
182 1149 300 1230 viridis,
321 1149 413 1210 odore
436 1149 506 1212 mali
528 1151 660 1232 cotonei,
688 1149 771 1212 nullo
798 1153 881 1213 intus
908 1148 998 1229 ligno.
1035 1149 1094 1212 col·

76 1239 177 1318 ligitur
199 1245 300 1300 autem
317 1238 405 1319 paulo
429 1246 496 1300 ante
516 1257 606 1318 quam
623 1241 745 1319 incipiat
767 1247 978 1302 maturescere.
1015 1239 1095 1318 quod

76 1329 103 1388 si
119 1327 315 1409 relinquatur,
332 1327 603 1408 phoenicobalanus
622 1335 744 1392 vocatur
764 1337 794 1390 et
812 1330 955 1408 nigrescit
973 1345 1094 1390 vescen-

76 1425 182 1497 tesque
204 1415 341 1478 inebriat.
387 1416 577 1497 myrobalano
600 1419 733 1498 pretium
754 1419 786 1479 in
809 1416 900 1478 libras
924 1415 950 1478 x
972 1431 1009 1478 11.
1049 1418 1093 1477 in·

36 1519 65 1562 15
78 1508 201 1568 stitores
225 1513 255 1566 et
278 1506 392 1567 faecem
413 1508 560 1586 unguenti
583 1505 640 1568 hoc
664 1508 783 1570 nomine
807 1505 964 1587 appellant.

142 1587 217 1676 (48)
251 1592 386 1656 Calamus
418 1613 538 1676 qnoque
570 1594 711 1658 odoratus
743 1598 775 1658 in
802 1594 909 1656 Arabia
941 1595 1083 1674 nascitur,
1094 1608 1146 1660 104

76 1685 243 1746 communis
273 1682 354 1744 ludis
381 1690 470 1764 atque
494 1683 596 1765 Syriae
624 1693 683 1765 est,
715 1687 747 1747 in
776 1702 834 1765 qua
860 1685 953 1746 vincit
980 1701 1093 1744 omnes.

75 1790 92 1833 a
110 1780 213 1833 nostro
235 1774 311 1854 mari
329 1785 374 1834 cn
397 1773 500 1836 stadiis
523 1775 603 1834 inter
620 1772 766 1836 Libanum
788 1780 921 1836 montem
943 1771 1092 1852 aliumque

74 1859 235 1942 ignobilem
254 1895 297 1908 -
315 1880 385 1943 non,
404 1870 438 1924 ut
456 1862 577 1941 quidam
596 1864 811 1944 existimavere,
829 1861 1031 1922 Antilibanum
1050 1895 1092 1904 -—

30 1966 60 2008 ro
74 1953 106 2012 in
135 1950 267 2014 convalle
293 1950 409 2012 modica
436 1952 519 2012 iuxta
545 1949 656 2032 lacum,
689 1953 775 2012 cuius
806 1949 949 2030 palustria
981 1956 1092 2010 aestate

74 2042 234 2121 siccantur,
257 2041 381 2101 tricenis
404 2038 441 2099 ab
464 2057 500 2100 eo
523 2038 627 2100 stadiis
645 2039 775 2101 calamus
799 2047 830 2099 et
852 2039 959 2100 iuncus
978 2037 1094 2100 odorati

73 2130 247 2208 gignuntur.
292 2145 364 2190 sane
387 2129 468 2188 enim
486 2128 619 2189 dieamus
643 2128 733 2190 etde
756 2129 856 2208 iunco,
879 2128 1012 2206 quamvis
1036 2125 1093 2186 alio

73 2215 177 2277 herbis
200 2216 297 2277 dicato
320 2215 483 2297 volumine,
512 2218 653 2296 quoniam
674 2223 774 2278 tamen
797 2214 847 2276 bic
870 2222 1093 2296 unguentorum
1107 2235 1132 2275 ss

74 2307 198 2366 nrateria
212 2311 366 2367 tractatur.
394 2303 469 2366 nihil
487 2323 559 2385 crgo
578 2323 595 2366 a
614 2307 723 2368 ceteris
741 2305 789 2366 sui
802 2305 921 2384 generis
941 2303 1083 2365 differunt
1096 2317 1144 2367 105

29 2408 59 2449 25
74 2402 211 2476 aspectu,
234 2393 288 2456 sed
311 2393 441 2456 calamus
464 2396 628 2474 praestanti
650 2394 743 2458 odore
767 2395 867 2454 statim
890 2410 906 2454 e
930 2391 1092 2472 longinquo

73 2485 188 2566 invitat,
210 2482 329 2546 mollior
351 2490 443 2564 tactu,
465 2483 630 2563 naborque
654 2485 706 2563 qui
729 2485 829 2544 minus
851 2480 964 2561 fragilis
987 2489 1018 2543 et
1040 2483 1092 2562 qui

72 2573 206 2636 assulose
229 2573 330 2652 potius
354 2588 443 2652 quam
466 2574 518 2652 qui
539 2571 663 2653 raphani
686 2571 775 2632 modo
802 2571 957 2650 frangitur.
1002 2573 1080 2633 inest
1092 2584 1144 2636 106

72 2661 189 2724 fistulae
213 2659 355 2722 araneum
378 2660 457 2741 quod
481 2670 599 2742 vocant3
627 2660 701 2722 flore
725 2661 942 2741 praestantiore
965 2661 1014 2720 eui
1036 2678 1091 2722 nn·

147 2815 339 2870 todoratiore
352 2814 396 2869 nt
425 2815 480 2870 -ori
496 2831 522 2870 o.
549 2814 635 2869 ·or.is
654 2831 679 2870 c
708 2814 781 2869 -onis
795 2814 860 2868 11²&
932 2812 1093 2868 irascitur

71 2885 138 2940 Νι.
208 2890 261 2942 to
280 2884 466 2956 aequoniam
479 2883 738 2942 ametmontuora?
761 2885 812 2956 cfr.
826 2887 902 2938 XVI
911 2889 955 2940 73.
1028 2890 1044 2939 'l
1063 2886 1093 2939 et

72 2972 129 3027 ego.
147 2973 200 3012 om.
214 2958 242 3012 lt
256 2974 280 3012 e.
298 2957 351 3025 cfr.
364 2957 458 3014 Dicae.
469 2959 579 3012 IV157
592 2962 660 3011 ectr.
735 2962 768 3012 12
788 2959 883 3014 eutem
900 2972 925 3012 o.
949 2957 999 3012 aut
1017 2955 1092 3012 enim

71 3045 97 3082 a.
123 3028 247 3100 [illenim
265 3033 317 3083 ni.
396 3034 430 3084 16
447 3028 574 3085 nascitur
590 3032 626 3083 ι
658 3043 736 3084 -cens
754 3045 798 3086 ro.
877 3033 910 3082 17
929 3043 1092 3084 communes

69 3104 104 3166 R,
122 3100 171 3155 oeci
187 3115 239 3156 cru.
258 3099 494 3156 ludis-omnes.
581 3103 614 3154 18
633 3097 678 3154 GL
697 3104 731 3154 Ι.
760 3100 873 3156 eentum
890 3099 912 3152 L
931 3101 984 3152 Bt.
1014 3097 1091 3154 012.

71 3169 155 3226 Oil’.
184 3170 207 3226 Ο
226 3170 270 3226 1³¹.
382 3176 416 3226 19
435 3170 628 3228 antelibanum
646 3169 723 3225 ΙΝ.
763 3209 765 3216 ,
824 3174 859 3224 25
882 3170 1091 3241 praestantius.

70 3242 123 3308 cfr.
137 3243 190 3298 luc.
203 3247 287 3312 p.91.
314 3242 382 3298 -tior
398 3258 443 3298 ro.
461 3243 465 3310 Ι
482 3240 562 3298 odori
579 3246 614 3297 ι
692 3246 727 3298 26
745 3241 859 3298 mollior
876 3243 956 3296 tactu
972 3246 1064 3296 om.
1085 3243 1088 3311 l

70 3311 243 3382 melioreque
261 3317 297 3368 Ε
328 3312 513 3382 molliorquae
531 3318 563 3368 B.
580 3314 584 3382 Ι
600 3312 650 3382 qui
666 3328 717 3368 om.
736 3317 772 3368 Ε
801 3313 950 3382 capotius
967 3311 1091 3367 mollior-

69 3399 126 3452 que
143 3385 236 3453 tantm
254 3384 356 3440 melior
372 3383 470 3454 qui..?
489 3385 495 3454 Ι
515 3384 688 3440 minus-2⁷
706 3384 831 3440 assulose
849 3399 899 3439 om.
918 3389 970 3436 ns
985 3385 990 3450 Ι
1006 3399 1092 3450 quam

69 3455 121 3524 qui
139 3460 194 3509 n
202 3455 412 3513 adamitae.
439 3472 526 3525 quam
538 3473 562 3513 r.
654 3460 688 3510 28
710 3453 778 3510 tlore
797 3458 879 3525 (rem
896 3456 929 3521 n)
947 3455 1091 3522 praestan-

68 3525 144 3582 tiore
156 3526 233 3582 11³¹.
259 3525 358 3582 florem
371 3526 484 3582 -tiorem
496 3526 568 3582 au’.
595 3525 702 3584 florem.
717 3526 784 3580 -tior
797 3526 841 3580 est
853 3527 922 3578 sto.
949 3539 988 3578 ao
1006 3523 1094 3579 odore

67 3596 296 3667 praestantiore?
324 3599 374 3666 cfr.
393 3615 419 3654 o.
433 3603 471 3656 24
489 3589 563 3654 nihii
580 3596 712 3655 differunt
729 3597 853 3667 aspectu.
878 3597 884 3664 l
909 3592 955 3650 cui
972 3608 1022 3648 om.
1037 3598 1073 3648 Ι.

127 3686 196 3727 Pam.
209 3697 267 3728 nr.
280 3696 342 3729 mr.
368 3689 400 3729 11.
895 3686 930 3734 20
