2612 3962
437 151 522 205 ΝΑΤ,
541 149 634 205 Hlsr.
653 151 719 205 xiv
738 156 752 204 1
774 153 865 221 (r-a)
1096 151 1161 216 349

142 300 336 362 simulacrum
365 302 396 360 in
427 299 502 360 urbe
532 299 697 380 Populonio
732 319 768 360 ex
798 319 857 362 una
887 305 1088 382 conspicimus
1117 311 1163 364 tot

140 393 222 452 acris
254 392 477 468 incorruptum,
514 392 587 450 item
617 388 763 450 Massiliae
799 399 940 470 pateram.
1000 391 1162 472 Metaponti

141 479 288 558 templum
315 477 438 538 lunonis
465 479 615 558 vitigineis
645 478 792 540 columnis
822 483 913 542 stetit.
964 483 1054 542 etiam
1081 499 1162 542 nunc

141 569 231 630 scalis
249 575 362 628 tectum
380 565 526 647 Ephesiae
545 566 654 628 Dianae
674 568 827 644 scanditur
845 587 905 629 una
927 589 945 630 e
966 573 1026 630 rite
1045 570 1161 652 Cypria,
1262 584 1265 591 ¹

111 664 178 718 sut
191 657 302 738 ierunt,
322 658 461 734 quoniam
480 654 523 716 ibi
540 657 576 717 ad
590 659 781 736 praecipuam
799 656 1024 736 amplitudinem
1042 668 1161 720 exeunt.

141 764 200 806 neo
223 753 270 806 cst
291 745 372 824 ligno
401 744 454 805 ulli
484 747 635 806 aeternior
664 753 779 806 natura.
824 764 930 808 rerum
958 749 1016 809 ista
1046 767 1082 808 ex
1113 748 1161 808 sil·
1204 784 1260 814 f·

141 834 293 896 rostribus
315 835 394 894 lacta
416 833 603 895 crediderim.
953 826 1025 849 *⁸*

209 917 263 1006 (3)
286 922 348 983 Hae
367 925 443 984 vites
462 930 586 984 tonsura
604 942 702 984 annua
725 932 913 1006 coercentur,
936 933 967 985 et
989 927 1033 986 ris
1057 929 1214 987 carum10

142 1015 241 1073 omnis
264 1019 405 1073 evocatur
427 1014 459 1072 in
481 1011 618 1092 palmites
641 1020 693 1074 aut
715 1013 893 1092 deprimitur
914 1015 946 1074 in
974 1017 1162 1096 propagines,

97 1115 127 1157 ro
142 1103 268 1180 sucique
291 1108 408 1163 tantum
430 1104 523 1180 gratia
551 1119 588 1161 ex
610 1101 658 1162 bis
681 1109 728 1162 est
748 1101 887 1181 pluribus
909 1103 1005 1163 modis
1028 1103 1065 1163 ad
1088 1103 1163 1164 caeli

143 1208 243 1251 mores
267 1191 382 1269 solique
405 1192 531 1269 ingenia.
577 1193 608 1250 in
628 1189 776 1270 Campano
800 1209 871 1270 agro
893 1191 1012 1272 populis
1034 1191 1162 1273 nubunt,

143 1281 325 1358 maritasque
349 1278 522 1360 complexae
542 1287 631 1358 atque
654 1297 710 1359 per
733 1297 832 1341 ramos
854 1298 957 1340 earum
984 1279 1161 1360 procacibus

141 1367 291 1429 bracchiis
318 1368 485 1448 geniculato
515 1385 608 1429 cursu
638 1368 815 1430 scandentes
845 1371 999 1430 cacumina
1026 1378 1162 1452 aequant,

143 1459 315 1518 intantum
339 1456 481 1519 sublimes
498 1466 543 1518 ut
569 1459 767 1519 vindemiator
795 1466 966 1519 auctoratus
993 1477 1100 1538 rogum
1127 1477 1162 1519 ao

98 1561 129 1603 ιε
144 1545 294 1607 tumulum
312 1548 447 1626 excipiat.
485 1545 565 1606 nulla
588 1546 656 1607 linis
679 1547 843 1628 crescendi,
866 1547 986 1626 vidique
1010 1551 1069 1608 iam
1091 1566 1161 1628 por·
1181 1553 1213 1604 11

144 1637 238 1716 tirus,
267 1634 351 1695 rillas
378 1642 408 1695 et
436 1636 540 1696 domos
571 1635 676 1696 ambiri
709 1635 892 1715 singularum
925 1636 1096 1716 palmitibus
1128 1655 1162 1698 ac

143 1723 323 1803 sequacibus
346 1723 427 1785 loris.
473 1725 612 1803 quodque
636 1728 779 1785 memoria
807 1725 930 1805 dignum
960 1728 1039 1786 inter
1066 1727 1163 1806 prima

144 1812 357 1873 Valerianus
381 1831 500 1891 quoque
519 1812 711 1874 Cornelius
734 1816 921 1896 existimarit,
944 1833 1003 1876 una
1021 1817 1091 1875 ritis
1104 1814 1161 1875 llo·

142 1919 208 1962 mae
227 1903 259 1961 in
277 1901 376 1962 Liriae
394 1901 560 1982 porticibus
579 1901 728 1984 subdiales
747 1902 994 1964 inambulationes
1013 1902 1162 1964 umbrosis

96 2007 128 2048 eo
140 1990 276 2072 pergulis
298 1999 416 2072 opacat,
439 1990 542 2051 eadem
566 1990 711 2052 duodenis
734 1995 826 2053 musti
848 1990 999 2071 amphoris
1027 1992 1162 2053 fecunda.

141 2079 241 2140 ulmos
264 2080 384 2161 quidem
407 2079 518 2158 ubique
542 2088 730 2160 exsuperant,
754 2083 953 2158 miratumque
976 2079 1162 2142 altitudinem
1181 2086 1215 2135 12

142 2186 248 2230 earum
270 2169 385 2230 Ariciae
408 2169 510 2230 ierunt
533 2168 662 2248 legatum
686 2171 765 2248 regis
787 2168 895 2248 Pyrrhi
918 2167 1039 2229 Cineam
1066 2171 1161 2231 facete

142 2259 252 2319 lusisse
275 2260 306 2318 in
334 2260 531 2318 austeriorem
559 2266 680 2337 gustum
706 2259 781 2339 vini,
808 2259 916 2318 merito
943 2265 1069 2318 matrem
1096 2260 1162 2319 eius

142 2346 275 2427 pendere
303 2349 335 2406 in
362 2355 423 2408 tam
450 2346 508 2407 alta
534 2365 634 2408 cruce.
679 2348 870 2426 rumpotinus
897 2355 1020 2407 vocatur
1047 2355 1078 2408 et
1105 2347 1161 2408 alio

98 2451 128 2493 as
143 2437 265 2497 nomine
298 2435 405 2515 opulus
438 2434 527 2497 arbor
558 2435 657 2497 Italiac
690 2435 803 2496 Padum
834 2438 1042 2516 transgressis,
1075 2438 1162 2497 cuius

125 2524 276 2586 tabulata
298 2527 330 2585 in
354 2523 458 2585 orbem
479 2524 579 2604 patula
602 2524 721 2605 replent
742 2542 878 2604 puroque
906 2524 1067 2605 perductae
1096 2525 1161 2586 dra·

144 2633 220 2676 cone
243 2616 275 2674 in
297 2613 424 2693 palmam
447 2615 512 2674 eius
535 2612 604 2674 inde
628 2617 660 2674 rit
688 2612 846 2674 subrectos
874 2631 1026 2674 ramorum
1053 2614 1162 2693 digitos

217 2786 415 2856 tpenlherem
427 2790 484 2840 ild.
512 2786 680 2855 petheeram
692 2790 723 2839 D.
796 2790 813 2838 4
832 2801 847 2838 e
866 2783 1054 2839 SolmHard.
1072 2785 1162 2840 crull.

219 2861 252 2910 to
276 2873 311 2911 ex
332 2857 378 2911 his
401 2859 445 2911 esb
462 2857 588 2926 pluribus
613 2856 657 2926 (in
675 2855 717 2926 pl·
735 2854 786 2924 11²)
805 2854 870 2910 (112².
907 2857 952 2910 est
968 2856 1164 2911 del.edd.ante

144 2928 239 2984 Hard.
277 2928 367 2983 exisse
388 2928 418 2982 in
439 2928 549 2982 turibus
573 2927 617 2998 (in
634 2943 685 2982 orn.
700 2929 731 2996 ι)
754 2944 778 2982 r.
815 2925 891 2981 exire
914 2925 1014 2981 sinitur
1035 2926 1163 2996 pluribus

144 2999 331 3056 Solmllard.
397 3005 430 3053 14
443 2997 945 3067 rdndemieborlt(?)cdd.onteHord.
970 2997 1037 3053 -ibor
1050 2999 1163 3072 ellard.

67 3129 71 3135 .
224 3075 256 3124 15
279 3071 342 3125 finis
366 3071 509 3125 crescendi
530 3069 644 3139 vidique
667 3085 714 3139 epo
732 3085 793 3124 roo.
812 3070 865 3124 loc.
879 3085 911 3138 p.
925 3075 965 3125 92
983 3086 1011 3124 o.
1026 3074 1071 3124 36.
1107 3070 1162 3124 fine

145 3143 273 3198 crescent
291 3143 420 3212 (cunio)
439 3141 583 3210 diuidique
601 3141 726 3210 (vidique
743 3141 828 3209 Dect.)
846 3141 903 3195 llo.
934 3141 939 3208 Ι
971 3140 1029 3194 ium
1046 3155 1093 3210 epo
1112 3142 1130 3196 l.
1144 3143 1162 3197 l.

144 3217 254 3269 eamd.
287 3222 333 3268 em
350 3219 400 3266 Do.
433 3229 469 3268 ttn
488 3231 511 3268 a.
540 3214 590 3266 eut
606 3229 631 3267 o.
664 3211 750 3276 obiam
769 3212 841 3267 Dect.
933 3211 1163 3282 rumperemus

143 3286 218 3340 Dect.
242 3286 337 3354 potius
349 3288 421 3338 nod.
444 3284 539 3354 potius
552 3283 622 3338 uelli
635 3283 731 3352 (evelli
744 3285 771 3352 o)
784 3283 928 3352 nequeunt
940 3299 985 3338 so.
1051 3287 1084 3338 17
1099 3284 1162 3338 dist.

145 3357 247 3411 Ianus.
274 3358 279 3426 l
308 3355 438 3425 quodque
456 3355 593 3410 memorie
610 3358 636 3408 d.
672 3371 784 3424 quoque
802 3370 888 3408 mem·
906 3353 1038 3409 reddet.
1075 3370 1162 3408 mem-

145 3443 258 3498 quoque
272 3426 471 3483 eddooteiid.
498 3441 585 3480 mem·
599 3426 692 3482 Hord.
764 3431 797 3479 21
818 3427 988 3495 exsuperant
1004 3430 1050 3480 do.
1078 3427 1162 3482 exub-

144 3517 170 3554 r.
252 3505 288 3553 24
306 3498 482 3569 rumpotinus
499 3497 716 3566 d(Barb.)Brot.
748 3497 860 3551 rumbo-
878 3497 966 3551 Barb.
998 3497 1114 3552 Rumto-
1132 3503 1163 3550 D.

145 3572 241 3625 ronto-
259 3571 319 3628 edd.
330 3576 393 3626 onte
400 3570 488 3625 Baro.
516 3568 654 3623 rumbinus
671 3584 695 3623 r.
768 3573 802 3622 2⁶
821 3567 922 3638 opulus
936 3567 1001 3636 (re)
1015 3568 1162 3626 acucbat.

145 3658 216 3712 pop·
234 3658 279 3698 ro.
343 3646 377 3697 2⁸1
395 3640 426 3696 in
440 3641 586 3696 submotos
599 3639 714 3696 chae.
734 3638 810 3693 subr-
824 3639 952 3694 eddom.
972 3638 1120 3709 subreptor
1134 3639 1163 3695 ll.
