2628 3950
205 152 245 214 12
549 149 577 203 Ο.
596 149 696 204 PLINI
716 149 873 203 suenum

203 318 297 378 aequa
318 299 401 359 lance
416 297 577 378 pensitahit
596 299 647 376 qui
671 315 789 377 semper
807 296 973 375 fragilitatis
992 297 1138 358 humanae
1158 315 1220 356 me·
1306 289 1307 380 1

202 406 268 448 mor
290 389 389 447 luerit.
1306 381 1307 456 1

149 485 184 532 45
271 471 305 537 8.
330 469 381 558 (6)
412 475 445 535 ln
468 475 561 554 pedes
583 475 739 554 procidere
762 482 935 535 nascentem
958 482 1062 535 contra
1083 477 1223 536 naturam

204 573 262 645 est,
286 583 345 644 quo
365 571 539 643 argumento
559 582 610 624 eos
629 563 813 643 appellavere
832 564 976 642 Agrippas
995 570 1028 624 nt
1047 582 1134 642 aegre
1153 583 1222 643 par·

203 663 263 734 tce,
287 653 414 732 qualiter
437 659 468 712 et
486 651 523 712 M.
542 651 702 731 Agrippam
723 653 825 712 ierunt
848 655 995 733 genitum,
1018 649 1107 712 unico
1125 663 1251 732 prope5

183 742 353 802 ¹felicitatis
384 741 518 820 exemplo
548 743 579 801 in
609 740 746 802 omnibus
777 739 813 800 ad
842 741 923 801 hunc
953 741 1075 802 modum
1104 744 1223 820 genitis.
1265 765 1269 770 ·

204 848 383 908 quamquam
405 833 431 892 is
450 847 569 908 quoque
593 830 715 891 adversa
732 829 843 908 pedum
866 829 1026 890 valitudine
1049 833 1158 890 misera
1176 833 1222 890 iu-

204 926 304 999 venta,
337 922 468 980 exercito
493 937 563 978 aevo
587 921 666 978 inter
689 912 773 980 arma
793 925 965 997 mortesque
989 937 1023 978 ac
1046 921 1150 980 noxios
1174 938 1222 979 ac·

205 1027 321 1088 cessus,
343 1008 455 1068 infelici
478 1010 567 1068 terris
592 1010 685 1086 stirpe
708 1009 789 1070 omni
812 1007 865 1067 sed
882 1025 937 1086 per
959 1015 1103 1087 utrasque
1117 1006 1245 1088 Agrip-¹

203 1099 288 1175 pinas
307 1099 442 1177 maxime,
466 1114 541 1174 quae
560 1094 674 1176 Gaium,
698 1114 773 1174 quae
792 1095 954 1156 Domitium
971 1096 1121 1163 Neronem
1139 1099 1222 1176 prin-
1238 1107 1264 1146 1⁰
1289 1091 1295 1104 '

204 1187 286 1264 cipes
305 1204 436 1264 genuere
442 1184 580 1262 ,totidem
598 1185 677 1244 faces
696 1187 814 1263 generis
828 1185 959 1266 hnmani,
980 1193 1136 1264 praeterea
1154 1185 1222 1246 hre-

150 1284 184 1331 46
204 1276 294 1335 vitate
317 1277 393 1355 aevi,
416 1275 683 1352 quinquagensimo
706 1291 766 1332 uno
787 1281 891 1352 raptus
915 1292 991 1334 anno
1014 1277 1046 1334 in
1064 1276 1222 1334 tormentis

204 1361 419 1422 adulteriorum
447 1364 581 1440 coniugis
609 1363 766 1440 socerique
789 1365 943 1440 praegravi
966 1365 1099 1443 servitio,
1128 1362 1222 1423 luisse

204 1453 362 1529 augurium
384 1453 571 1530 praeposteri
598 1449 702 1510 natalis
731 1453 926 1510 existimatur.
971 1451 1121 1512 Neronem
1148 1469 1221 1529 quo·

204 1556 262 1616 que
285 1537 373 1617 paulo
401 1546 469 1599 ante
491 1541 658 1617 principem
686 1546 716 1598 et
739 1547 802 1600 toto
824 1542 993 1618 principatu
1022 1559 1075 1601 suo
1103 1539 1222 1600 hostem
1237 1548 1262 1589 1⁵

203 1629 323 1704 generis
342 1626 464 1687 hnmani
482 1626 609 1705 pedihus
627 1630 761 1705 genitum
784 1627 889 1689 scribit
906 1646 1015 1717 parens
1034 1631 1099 1689 eius
1117 1629 1221 1708 Agrip·

203 1717 281 1793 pina.
312 1717 372 1775 ritu
396 1723 519 1775 naturae
543 1718 638 1794 capite
658 1717 809 1777 hominem
827 1719 907 1796 gigni
930 1735 995 1776 mos
1018 1725 1073 1798 est,
1095 1717 1221 1796 pedihus

204 1804 313 1863 efferri.
351 1803 370 1844 ’¹‘
394 1804 537 1881 quasdam
559 1812 700 1865 concreto
724 1805 844 1884 genitali
866 1807 946 1884 gigni
969 1806 1099 1867 infausto
1123 1809 1222 1867 omine

205 1890 339 1952 Cornelia
364 1891 567 1953 Gracchorum
590 1900 685 1954 mater
707 1894 817 1955 indicio
841 1893 929 1955 est*

149 1991 184 2037 47
271 1975 306 2042 9.
340 1973 392 2063 (7)
440 1982 629 2062 Auspicatius
658 1989 761 2042 enecta
788 1990 911 2061 parente
939 1985 1110 2066 gignuntur,
1143 1985 1221 2045 sicut
1236 1994 1261 2032 2⁰

205 2069 304 2149 Scipio
323 2069 481 2131 Africanus
503 2073 588 2149 prior
610 2079 697 2132 natus
717 2075 891 2150 primusque
913 2070 1071 2133 Caesarum
1095 2089 1111 2132 a
1134 2091 1220 2133 caeso

203 2160 306 2218 matris
334 2166 421 2219 utero
445 2159 556 2240 dictus,
588 2160 705 2237 quade
730 2179 818 2221 causa
846 2168 876 2220 et
899 2159 1047 2222 Caesones
1074 2161 1220 2240 appellati.

168 2301 171 2306 .
203 2247 293 2312 simili
315 2248 402 2308 modo
426 2255 514 2309 natus
537 2256 567 2308 et
584 2248 720 2309 Manihns
744 2252 795 2328 qui
814 2248 1022 2327 Carthaginem
1045 2269 1114 2312 cum
1136 2269 1220 2310 exer·

203 2339 264 2396 citu
286 2339 414 2396 intravit.

273 2418 330 2485 10.
360 2418 411 2507 (8)
458 2425 599 2504 Vopiseos
613 2507 614 2510 1
627 2426 812 2506 appellabant
840 2445 855 2486 e
879 2429 1004 2506 geminis
1032 2429 1084 2506 qui
1111 2429 1221 2487 retenti
1235 2439 1262 2477 2⁵

202 2520 290 2572 utero
313 2521 511 2575 nascerentur
534 2514 628 2575 altero
651 2518 830 2594 interempto
854 2515 968 2576 ahortn.
1010 2534 1137 2595 namque
1160 2534 1220 2576 ma·

202 2603 280 2660 xima
305 2603 362 2661 etsi
384 2620 451 2662 rara
475 2605 554 2663 eirea
577 2603 633 2664 hoc
657 2604 798 2664 miracula
822 2606 977 2665 exsistunt.

149 2699 183 2748 48
272 2683 329 2751 11.
354 2683 406 2772 (9)
436 2691 562 2752 Praeter
584 2692 740 2753 mulierem
758 2712 852 2772 pauca
875 2693 1010 2753 animalia
1033 2695 1146 2754 coitum
1168 2711 1220 2754 no·

201 2797 272 2838 vere
300 2779 432 2860 gravida,
464 2798 559 2840 unum
588 2782 708 2858 quidem
736 2785 857 2842 omnino
884 2790 936 2843 aut
963 2782 1090 2843 alterum
1116 2801 1220 2861 super·

202 2868 282 2933 letat,
320 2875 416 2928 exstat
438 2871 470 2928 in
493 2872 683 2930 monimentis
707 2877 737 2930 et
760 2871 944 2932 medicorum
968 2879 998 2931 et
1020 2869 1128 2950 quihus
1150 2870 1221 2932 talia
1234 2883 1262 2922 ³⁰

199 3029 413 3039 *-

273 3140 288 3186 3
307 3134 459 3203 procedere
477 3133 580 3190 riva.
601 3133 688 3191 Solio.
708 3139 739 3202 1,
759 3138 803 3190 65.
826 3135 936 3204 praeire
953 3134 991 3187 12¹
1010 3151 1028 3188 a
1049 3176 1054 3188 .
1074 3133 1147 3187 Deli.

201 3209 218 3256 4
237 3219 321 3274 aegre
340 3208 413 3258 mid
425 3205 495 3260 noa.
516 3205 603 3260 Solio.
619 3206 636 3260 l.
651 3207 670 3260 l.
698 3206 734 3260 -ri
751 3222 796 3260 rc.
821 3209 825 3273 l
850 3208 947 3277 percos
966 3201 996 3258 ai
1037 3205 1078 3261 ob.
1098 3206 1155 3258 -tus
1173 3220 1218 3258 ro.

255 3279 271 3328 5
291 3277 321 3328 et
338 3292 388 3330 mn.
408 3276 445 3331 ai.
502 3283 516 3331 7
536 3277 599 3331 dist.
615 3276 701 3331 Sclm.
715 3293 799 3332 encre.
816 3277 894 3332 Ptin.
908 3277 1056 3346 paeon.
1110 3280 1126 3329 8
1145 3292 1219 3330 mor-

200 3348 313 3414 temque
331 3364 356 3400 e.
380 3350 511 3416 ostesqua
528 3348 566 3400 1t¹
585 3364 630 3416 ap.
644 3348 718 3404 Det.
740 3349 891 3417 hostesque
909 3353 958 3402 dn.
979 3349 984 3416 1
1004 3363 1038 3402 ac
1056 3345 1154 3403 noxios
1173 3363 1219 3402 ac·

201 3433 295 3470 cessus
313 3433 367 3487 eqo.
392 3419 429 3472 ad
448 3421 491 3488 (ae
506 3417 552 3487 Β)
571 3419 655 3474 noxio
675 3420 726 3489 (aa
744 3420 783 3488 αἱ)
803 3435 917 3474 accessu
934 3419 1027 3473 ItBe‘.
1049 3417 1155 3474 atlncxi
1173 3435 1219 3472 ao·
1306 3405 1307 3490 1

201 3503 281 3541 cessn
306 3489 508 3559 (succ-151².
541 3490 693 3545 adnexinm
716 3507 859 3545 aceessum
881 3494 931 3545 (ln.
1024 3496 1057 3544 18
1082 3489 1219 3559 quasdam
1306 3497 1307 3532 1

201 3559 294 3612 —esi
311 3575 344 3612 ec
362 3565 377 3624 ς
392 3565 428 3614 69
447 3561 500 3616 huc
518 3564 680 3630 transposui
698 3578 759 3617 cum
771 3561 901 3617 Noitenio
920 3565 1022 3631 quaest.
1039 3561 1115 3616 Plio.
1129 3577 1159 3630 p.
1173 3565 1219 3614 16.

200 3629 251 3694 cfr.
271 3628 358 3684 Solio.
377 3635 407 3698 1,
427 3635 472 3687 67.
