2624 3954
363 139 447 194 Nar.
466 139 559 194 msc.
579 139 618 194 xi
636 147 670 196 aa
689 143 817 212 <eo—sc)
1034 144 1099 210 259

82 293 114 352 in
137 291 235 351 vesica
253 289 316 369 lupi
334 289 452 370 lapillus
472 291 523 369 qui
542 292 650 369 syrites
667 299 800 374 vocatur,
823 293 876 354 sed
894 293 926 354 iu
944 294 1100 357 homiuum

2 395 3 462 l
83 379 261 459 quibusdem
280 379 346 440 duo
364 381 499 440 cruciatu
512 378 650 440 subinde
673 389 831 442 nascentes
854 382 960 444 calculi
980 383 1013 444 et
1035 403 1099 446 sae·

2 466 3 472 ’
82 477 181 530 tarum
208 469 420 548 capillamenta.
465 470 563 530 vesica
589 468 762 550 membrana
790 478 906 532 constat
933 490 1010 551 quae
1036 474 1098 534 vul·

81 565 184 619 necata
203 559 342 618 cicatrice
364 575 425 618 nou
442 556 608 639 solidescit,
630 575 687 618 nec
710 577 768 638 qua
792 557 950 622 cerebrum
972 570 1024 623 aut
1046 580 1099 624 cor

55 646 253 729 einvolritur,
277 645 361 726 plura
386 648 467 707 enim
488 646 729 710 membranarum
751 666 871 728 genera.

148 729 223 819 (84)
246 735 376 798 Feminis
395 735 499 816 eadem
517 736 616 796 omnia
633 745 813 816 praeterque
832 741 946 800 vesicae
969 741 1152 804 iunncrsaco

80 824 244 906 utriculos,
275 824 354 886 unde
387 825 485 887 dictus
517 833 631 886 uterus
678 827 757 905 quod
785 826 841 888 alio
869 831 988 888 nomine
1012 829 1098 891 >loom

81 913 237 996 appellent,
259 913 316 974 hoc
340 915 371 975 in
393 913 517 993 reliquis
536 913 712 976 animalibus
731 915 854 976 vaduam.
885 916 960 978 haec
979 919 1097 998 viperae

81 1010 111 1063 et
136 1005 215 1064 intra
242 1021 275 1063 se
302 1002 488 1082 parientibus
517 1003 640 1085 duplex,
669 1023 723 1064 ova
750 1007 958 1084 generantium
986 1007 1099 1068 adnexa

37 1105 65 1144 10
79 1091 271 1172 praecordiis,
295 1094 374 1154 etin
393 1093 518 1153 muliere
537 1095 671 1171 geminos
695 1095 779 1154 sinus
802 1093 840 1154 ah
862 1102 990 1174 utraque
1012 1105 1097 1175 parte

79 1180 206 1242 laterum
229 1177 332 1263 habet,
354 1180 503 1263 funebris,
518 1183 665 1261 quotiens
688 1200 774 1243 versa
801 1185 940 1262 spiritum
967 1185 1097 1246 inclusit.

79 1268 170 1330 hoves
196 1261 332 1348 gravidas
360 1279 469 1350 negant
494 1279 704 1354 praeterquam
731 1271 854 1333 dextero
884 1272 988 1334 uuluae
1019 1275 1087 1336 sinu
1097 1281 1150 1330 210
1185 1320 1195 1327 .

78 1359 168 1440 ferre,
192 1361 368 1420 etiamdum
391 1361 525 1439 geminos
549 1361 658 1422 lerunt.
695 1360 782 1421 vrrlra
805 1363 907 1422 eiecto·
923 1369 1020 1442 partu·
1034 1381 1096 1424 me-

78 1446 135 1507 lior
167 1465 256 1526 quam
281 1447 376 1522 edito.
430 1451 564 1510 eiecticia
595 1457 718 1510 vocatur
750 1449 815 1530 illa,
847 1450 920 1512 haec
951 1455 1096 1530 porcaria.

35 1547 63 1588 15
77 1538 256 1616 primiparae
285 1539 349 1597 suis
376 1537 500 1619 optima,
527 1546 639 1600 contra
654 1539 758 1600 effetis.
805 1547 941 1622 apartu,
963 1549 1096 1619 praeter-

78 1643 167 1704 quam
185 1624 290 1686 ecdem
309 1625 356 1686 die
375 1629 438 1687 suis
456 1629 580 1708 occisae,
602 1627 690 1688 livida
708 1647 742 1688 ac
761 1646 868 1689 macra.
913 1645 969 1689 nec
986 1630 1086 1690 novel·
1097 1637 1146 1686 211

77 1712 173 1774 larum
188 1732 275 1775 surram
289 1722 408 1794 praeter
421 1717 597 1796 primiparae
611 1715 764 1798 probatur,
777 1718 937 1796 potiusque
951 1723 1095 1801 veterum,

77 1803 148 1863 dum
167 1821 204 1864 ne
224 1803 387 1886 eiletarum,
410 1823 466 1866 nec
484 1804 575 1865 biduo
594 1812 662 1866 anto
680 1813 799 1884 partum
817 1814 868 1866 aut
886 1815 956 1886 post
972 1815 1095 1887 partum

76 1900 128 1952 aut
147 1909 206 1971 quo
225 1894 371 1954 eiecerint
387 1893 444 1954 die.
475 1896 610 1972 proxnna
628 1892 664 1953 ab
683 1896 884 1955 eiecticiaest
900 1897 1017 1956 occisae
1034 1915 1095 1956 uno

34 1993 62 2034 2⁰
77 1982 125 2042 die
144 1989 213 2061 post
230 1990 357 2069 parturn
390 1982 480 2042 huius
497 1990 529 2042 et
547 1999 653 2042 sumen
672 1983 826 2061 optimum,
847 1978 981 2046 'simodo
1000 1984 1094 2044 letum

76 2088 137 2129 non
167 2069 307 2130 hauserit.
360 2071 512 2130 eiecticiae
545 2070 748 2130 deterrimum.
803 2071 917 2149 antiqui
949 2071 1094 2133 abdomen

76 2157 220 2218 vocabant
233 2159 408 2236 priusquam
420 2156 556 2238 calleret,
575 2160 721 2218 incientes
734 2157 872 2218 occidere
884 2177 951 2219 non
970 2159 1094 2222 adsueti.

130 2239 218 2328 (85)
243 2244 404 2325 Cornigera
426 2263 486 2306 una
504 2253 588 2325 parte
613 2246 731 2307 dentata
754 2253 785 2306 et
803 2265 878 2326 quae
901 2249 932 2308 iu
955 2247 1145 2327 podibusata

75 2334 153 2396 telos
173 2333 284 2416 habent
307 2334 378 2396 sebo
395 2337 612 2416 pinguescunt,
634 2334 748 2396 bisulca
764 2337 908 2397 scissisve
931 2337 962 2397 in
986 2337 1094 2418 digitos
1198 2387 1201 2392 .

33 2435 61 2477 aa
75 2422 202 2504 podibus
225 2431 256 2485 et
279 2441 339 2484 non
368 2425 523 2504 cornigera
538 2424 644 2505 adipe.
691 2432 850 2486 concretus
877 2424 926 2486 laic
954 2434 996 2507 et,
1024 2445 1093 2488 cum
1122 2451 1124 2456 ⁸

74 2513 205 2594 refrixit,
229 2512 355 2594 fragilia,
378 2531 554 2592 semperque
577 2515 608 2574 in
627 2514 685 2574 fine
709 2515 816 2575 cernis
861 2522 965 2576 contra
981 2517 1092 2596 plngue

73 2604 154 2662 inter
185 2619 306 2662 carnem
338 2609 499 2681 cutemque
534 2621 606 2664 suco
642 2602 796 2682 liquidum.
851 2604 996 2682 quaedam
1032 2623 1092 2666 non

74 2692 288 2772 pinguescunt,
317 2698 351 2751 ut
373 2690 472 2772 lepus,
501 2691 614 2770 perdix.
660 2691 808 2752 steriliora
838 2699 945 2753 cuncta
971 2695 1093 2774 pinguia

145 2919 163 2968 4
181 2926 309 2983 aec'qua
324 2915 401 2970 112².
428 2931 520 2984 nequo
538 2931 561 2969 r.
589 2931 680 2984 neque
698 2933 755 2985 qua
771 2933 796 2972 c.
818 2917 825 2986 Ι’
842 2917 957 2972 mbr-ram
973 2917 1018 2976 12¹.

73 2992 90 3040 6
109 2984 220 3040 iunctus
237 2985 416 3054 limaci
437 2985 515 3040 uictu
532 2986 577 3040 1¹.
608 2988 722 3042 iunctus
740 2993 791 3045 na.
870 2989 1028 3044 lmelocos
1045 2989 1089 3046 κ’.

71 3071 123 3112 om.
142 3057 188 3110 2¹.
214 3055 293 3112 lucos
311 3061 336 3111 (l.
410 3057 555 3112 einis-aue
572 3063 607 3112 Ι.
636 3075 675 3114 cn
692 3059 767 3113 inira
785 3075 814 3113 se
834 3059 908 3114 ora?
936 3059 988 3127 cfr.
1001 3059 1089 3115 Arist.

70 3129 98 3182 lc.
112 3145 139 3184 a.
154 3129 231 3182 1111
246 3145 277 3197 p.
288 3133 340 3184 511
351 3127 423 3195 Α,3.
443 3133 461 3183 at
478 3133 554 3184 eald
571 3131 732 3199 ᾡσῐοκήεαε
748 3131 780 3185 ἐν
799 3131 886 3200 αὐτῷ.
959 3136 991 3184 11
1011 3131 1090 3186 fune·

69 3199 129 3254 bris
148 3198 267 3256 nmo
297 3199 364 3254 eris
381 3217 405 3254 r.
479 3200 816 3256 mammillarum.
844 3201 934 3256 electo
952 3207 987 3259 Ι,
1015 3202 1089 3257 iecto

70 3269 117 3327 12⁹.
150 3270 207 3326 icio
229 3271 273 3327 2¹.
307 3273 399 3326 eiecto
422 3288 445 3326 r.
478 3273 578 3326 enecto
601 3273 661 3328 edd.
679 3277 741 3327 cett.
849 3278 884 3326 14
906 3272 1036 3327 eiecticia
1053 3277 1089 3326 lt

72 3339 234 3396 eiecticiae.
260 3342 345 3398 etiae
358 3347 390 3397 R.
464 3347 497 3396 tc
516 3342 565 3412 qui
582 3343 753 3414 primiparae
770 3348 806 3396 Ι.
822 3344 827 3412 Ι
844 3341 934 3398 effetis
951 3349 1003 3399 ltu.
1032 3345 1089 3396 dus

70 3417 106 3468 1
135 3413 225 3467 -eciue
243 3431 267 3468 r.
344 3419 378 3468 tr
397 3413 553 3484 probantur
569 3417 620 3470 lta.
699 3419 732 3469 18
751 3413 913 3469 effectarum
931 3414 1017 3468 Dedi

71 3489 110 3538 19⁴
125 3483 164 3538 ab
181 3484 309 3542 eiecticia
322 3484 384 3540 Sall.
411 3484 635 3541 ab..'ecti..a1.
659 3485 803 3540 abieciiiia
814 3503 840 3542 a.
865 3485 933 3539 -icia
944 3488 996 3538 nu.
1019 3484 1089 3538 liab-

70 3559 103 3609 n.
185 3559 221 3610 20
238 3555 328 3611 letiam
345 3559 380 3614 1
409 3573 453 3612 -us
471 3573 516 3613 ro.
602 3563 635 3611 21
656 3555 822 3612 eleetiliciae
840 3561 876 3610 Ι.
905 3554 1044 3610 eiectitiae
1063 3571 1088 3610 a.

143 3631 178 3680 22
198 3626 316 3682 calleret
331 3644 356 3686 o.
385 3628 491 3684 caleret
506 3633 560 3684 Ba
589 3628 697 3684 emeret
712 3632 767 3683 lc.
790 3629 795 3696 Ι
816 3625 987 3682 nicocientes
1005 3629 1030 3678 d
1086 3678 1092 3690 ,

871 3711 927 3768 1⁷*
1006 3777 1014 3792 ,
