2628 3950
534 153 740 209 PRAEFATIO
1104 180 1142 226 XI

128 319 234 361 rursus
258 300 319 362 alia
341 321 453 379 genera
480 303 609 364 culicum
662 297 689 350 oi
707 299 738 352 δὲ
752 298 885 356 κώνωπες
903 300 933 352 ὲκ
947 301 1097 368 εκωλήκων
1116 301 1143 356 οἳ

128 392 608 469 acescengmtmgignjg'qujppo
661 376 786 442 γίνονται
810 379 841 432 ἐκ
863 383 915 446 τῆς
936 383 999 446 περὶ
1022 382 1056 434 τὸ
1080 383 1144 435 dioc

127 497 196 542 oum
213 483 246 538 g
265 480 297 539 jn
314 480 383 540 nive
402 480 548 541 candidi
564 481 608 541 in,
661 454 748 510 neoc·
768 459 813 512 snt
826 459 880 525 γὰρ
895 459 925 512 ἐν
939 464 998 513 τοῖς
1016 462 1143 514 δοκοῦειν

127 568 297 642 vomantur,
319 572 350 628 et
363 569 529 630 vetustiore
543 589 608 630 ver·
661 536 1143 688 ξυᾞῗτζτῐξῖοὲἱεὲἷὲὶιέτᾞᾟᾙὲῑ

126 656 243 734 mituli,
267 657 304 716 in
325 658 444 718 media
467 659 609 756 (inmun
660 667 765 759 viveret
781 698 950 764 δ’ήπαλαιὰ
964 699 1143 768 spissatas,

126 745 328 806 altitudine
351 748 458 806 rutili
480 778 517 788 ·”
538 765 608 807 nam
662 776 706 828 διὸ
731 778 776 828 καί
803 777 829 830 οἱ
855 779 992 846 σκώληκες
1019 783 1143 832 τοιοῦτοι

126 836 159 892 et
171 833 470 910 ipsanixvetustate
484 836 608 895 rufescit
662 859 707 909 eal
730 858 829 910 ηαςςῑς·
856 857 887 911 01
913 860 943 912 δ’
966 859 1001 912 ἐκ
1023 862 1087 925 τῆς
1109 859 1143 912 ὲν

126 953 179 995 -,
198 923 274 982 hirti
291 923 371 998 pilis,
389 924 607 1000 grandiores
662 935 774 1004 Μηδίᾳ
793 938 907 1002 χιόνος
925 939 1144 1004 sueton-xes

124 1014 350 1088 torpentesque.
661 1015 790 1070 λευκοί·
811 1016 966 1085 δυκκίνητοι
985 1019 1015 1072 δὲ
1033 1018 1143 1073 πάντες.
1200 1037 1204 1046 ·

125 1152 158 1212 in
180 1152 228 1214 his
252 1154 379 1230 apparet
397 1149 489 1227 μέεο(
513 1157 543 1214 et
563 1149 670 1229 Μηδία
690 1155 804 1216 Graeca
826 1157 973 1216 voeabula
994 1157 1144 1216 neminem

125 1241 262 1324 potuisse
284 1243 364 1300 inter
388 1261 419 1300 se
442 1242 632 1302 confundere.
668 1245 771 1320 itaque
793 1263 915 1304 neeesse
939 1249 986 1304 est
1009 1245 1047 1304 ad
1061 1245 1150 1304 Lati-¹

126 1347 199 1389 num
217 1334 388 1390 contextum
405 1330 505 1400 redire
525 1331 666 1392 adieetivi
685 1333 764 1409 quod
783 1336 830 1393 est
848 1335 960 1394 medies
979 1335 1010 1392 et
1024 1333 1144 1393 Mediae

125 1420 255 1478 nominis
284 1417 447 1479 absurdam
475 1420 691 1495 confusionem,
725 1440 802 1498 quae
830 1455 872 1462 -
901 1421 1022 1482 etiamsi
1050 1422 1144 1498 Trogi

125 1509 297 1568 versionem
318 1507 459 1566 Latinam
487 1509 665 1583 expilavisse
696 1529 764 1569 eum
792 1514 962 1570 statuamus
986 1543 1028 1552 —
1052 1511 1144 1570 Plinii

125 1596 337 1673 neglegentiae
352 1597 446 1656 tribui
464 1597 514 1656 vix
532 1589 646 1673 potestJ
662 1598 714 1658 sed
733 1599 772 1658 ad
790 1600 949 1659 librarium
966 1601 1143 1676 posterioris

125 1685 235 1744 aetatis
258 1684 416 1744 referenda
439 1688 495 1745 est.
541 1705 631 1762 qnam
659 1687 905 1763 depravationem
931 1689 1056 1748 tametsi
1083 1689 1144 1748 iam

125 1772 284 1834 Pintianus
308 1777 339 1832 et
361 1776 468 1850 postea
491 1773 657 1836 Salmasius
681 1794 774 1835 exere.
798 1777 876 1836 Plin.
898 1798 927 1854 p.
954 1776 1072 1837 125⁸D
1096 1796 1142 1837 re-

125 1881 246 1922 movere
259 1864 459 1936 tentaverant,
474 1863 585 1922 mirum
599 1867 646 1923 est
660 1883 719 1941 qua
732 1866 880 1942 patientia
894 1865 1025 1925 editores
1041 1885 1142 1932 omnes

127 1951 261 2010 tulerint.
306 1951 395 2011 facile
418 1951 497 2010 enim
520 1971 584 2010 rem
607 1953 793 2028 expedimus,
824 1955 850 2014 si
871 1954 964 2014 verba
986 1957 1018 2014 in
1040 1955 1144 2014 Media

126 2041 240 2112 guidem
263 2041 392 2112 candidi,
420 2059 497 2116 quae
523 2041 556 2098 in
582 2039 747 2118 archetypo
774 2046 845 2118 post
871 2031 940 2102 teret
962 2043 1037 2116 pitis
1063 2046 1143 2102 reeta

10 2112 15 2161 ¹*
126 2129 317 2206 legebantur,
341 2128 501 2189 alibrario
521 2129 668 2189 eredimus
693 2129 805 2189 omissa
826 2133 858 2190 et
881 2130 987 2190 deinde
1010 2133 1043 2190 in
1065 2149 1143 2190 mar-

126 2218 195 2293 gine
223 2220 354 2294 engusto
383 2217 500 2276 duobus
528 2218 667 2278 versibus
696 2236 788 2294 supra
817 2237 907 2296 quam
933 2218 1048 2278 iustum
1078 2225 1144 2278 erat

124 2303 278 2382 adscripta
301 2324 367 2365 esse
391 2304 447 2365 hoe
474 2307 562 2366 modo
592 2298 688 2386 (fingo
716 2308 819 2366 autem
845 2307 935 2381 hmus
964 2308 1143 2384 exemplaris

125 2395 277 2480 quandem
301 2394 528 2454 similitudinem
550 2396 644 2456 fuisse
668 2415 736 2456 eum
760 2396 859 2456 codiee
882 2393 1030 2472 rescripto
1054 2389 1113 2477 M):

303 2509 452 2564 GIGNIT
468 2510 621 2576 QUIPPE
637 2511 721 2567 CUM
736 2512 788 2566 ΕΤ
801 2513 846 2568 IN
864 2512 965 2568 NIUE
1042 2533 1136 2574 emersi

133 2601 224 2641 candidi
300 2589 523 2645 INUENIANOE
537 2591 745 2648 UETOETIOEE
764 2591 967 2647 UERMICULI
985 2603 1009 2643 ln
1016 2604 1091 2646 medis
1098 2604 1188 2652 quidem

79 2669 283 2720 inmensaquidem
300 2671 450 2726 RUTILI
468 2671 559 2725 NAM
576 2671 628 2725 ET
647 2671 742 2726 IPSA
760 2672 836 2727 NIX
854 2673 967 2728 UETU

302 2750 435 2819 ΙΒΤΑΤΕ
463 2749 670 2806 RUFESOIT
702 2750 825 2805 HIRTI
856 2751 965 2806 PILIS

302 2829 577 2885 GRANDIORES
610 2830 948 2896 TORPENTESQUE

124 2965 231 3036 postea
253 2980 326 3023 vero
350 2980 417 3022 oum
435 2964 529 3023 verba
547 2964 625 3023 Falso
644 2963 790 3024 adnotata
808 2963 914 3023 alienis
934 2964 1008 3023 loeis
1032 2964 1064 3022 in
1082 2967 1146 3022 tex-

110 3053 189 3109 tum
211 3051 416 3127 irrepsissent,
439 3052 639 3128 interpolator
667 3052 789 3113 insertis
817 3052 971 3112 vocabulis
1000 3057 1026 3112 et
1052 3055 1145 3129 atque

124 3140 278 3204 eddadem,
300 3141 431 3200 orationi
459 3159 526 3200 eam
552 3141 682 3206 formam
708 3141 821 3218 induit,
849 3159 925 3218 quae
954 3141 1052 3200 adhue
1080 3142 1146 3202 vul-

123 3231 198 3304 gata
221 3232 277 3288 est.
930 3285 933 3293 ,

189 3316 332 3377 Alterum
354 3317 598 3394 transpositionis
623 3337 733 3395 genus,
756 3319 789 3377 in
812 3337 871 3394 quo
894 3317 1015 3386 nonde
1038 3318 1143 3394 pausis

125 3405 279 3465 vocabulis
310 3405 413 3482 agitur
442 3425 460 3465 a
493 3425 548 3466 sua
581 3407 650 3466 sede
682 3399 821 3481 remotis,
855 3407 908 3466 sed
941 3406 978 3465 de
1010 3407 1144 3482 plurium

123 3494 288 3560 verborum
311 3495 468 3554 sententiis
492 3498 688 3571 praepostero
710 3496 776 3555 loeo
799 3497 844 3554 ita
866 3494 1001 3566 insertis,
1023 3496 1060 3553 ut
1081 3514 1144 3552 ma-

122 3583 218 3643 teriae
247 3583 420 3659 explanatio
447 3584 586 3660 legitimo
617 3584 720 3644 ordine
750 3584 914 3661 procedens
945 3584 1067 3656 praeter
1096 3601 1143 3640 ex-
