2628 3950
332 117 599 172 1616616666
619 124 723 175 14-1e
744 121 870 191 (ιε-16)
1067 123 1106 186 11

88 283 215 328 sensum
243 267 307 328 eius
336 265 449 346 ierunt,
476 265 612 345 abicique
640 274 778 346 gestatas¹
797 268 899 348 fruges
926 288 982 330 nee
1003 279 1108 349 postea

88 356 196 432 repeti.
247 361 277 414 et
304 353 360 416 hoc
390 354 447 416 tale
476 361 651 434 mniumque
681 356 819 418 omnihus
849 359 972 419 tricenis
1002 359 1107 420 diebus
1126 369 1160 419 66

89 442 201 502 malum
232 443 264 504 in
296 442 421 504 muliere
454 445 569 504 exsistit
602 451 631 504 61
663 446 828 506 trimenstri
860 449 956 526 spatio
988 447 1108 529 largius

14 609 17 614 ἱ
90 531 269 609 quibusdam
296 549 367 591 vero
398 534 516 612 saepius
545 550 661 613 mense,
694 534 772 594 sicut
801 534 908 614 aliquis
937 554 1107 616 numquam.

63 613 167 702 ⁵(14)
205 619 257 680 sed
281 619 354 680 tales
377 639 438 680 non
461 623 599 700 gignunt,
632 621 749 700 quando
772 622 845 684 haec
869 632 916 686 661
937 626 1107 704 generando

90 708 204 769 homini
226 711 363 788 materia,
395 711 529 788 germine
553 729 569 769 e
592 707 724 772 maribus
747 711 863 791 coaguli
885 713 973 774 modo
996 713 1052 774 hoe
1075 717 1107 775 in

91 815 157 858 sese
181 796 376 878 glomerante,
401 797 480 876 quod
501 797 607 858 deinde
627 806 761 878 tempore
783 802 849 880 ipso
872 805 1019 864 animatur
1042 821 1107 863 cor-

89 893 282 965 poraturque.
312 904 382 965 ergo
406 905 475 946 cum
497 887 626 965 gravidis
647 887 747 969 fluxit,
768 889 887 950 invalidi
910 898 961 951 aut
983 909 1044 952 non
1066 893 1106 951 vi·

90 973 165 1044 tales
187 969 292 1054 partus
316 974 446 1036 edimtur
469 983 520 1036 aut
539 977 657 1058 saniosi,
680 984 714 1037 ut
737 984 841 1038 auctor
865 985 911 1038 661
928 977 1107 1060 Nigidium

7 1111 8 1116 1
48 1076 76 1116 10
92 1095 134 1104 —
162 1056 217 1124 16.
251 1057 366 1145 (ldem
388 1063 433 1124 lac
457 1063 583 1125 feminae
606 1082 667 1125 non
691 1067 843 1146 corrumpi
863 1065 958 1128 'alenti
979 1076 1108 1147 partum,
1126 1081 1160 1130 67

90 1154 117 1212 61
140 1169 177 1212 ex
201 1152 306 1212 eodem
328 1154 392 1212 viro
415 1171 521 1213 rursus
545 1157 729 1235 conceperit,
759 1148 936 1238 arbitratur)
965 1189 1006 1198 -
1035 1158 1107 1216 inci·

89 1242 191 1319 pionte
220 1247 319 1300 autem
341 1240 398 1301 hoc
426 1248 505 1302 61616
532 1250 583 1302 aut
605 1243 760 1304 desinente
789 1251 953 1324 conceptus
976 1243 1107 1304 facillimi

89 1329 258 1391 traduntur.
289 1329 479 1390 fecunditatis
502 1332 533 1392 in
552 1332 671 1392 leminis
689 1335 923 1412 praerogativam
945 1334 1107 1412 accipimus

60 1473 63 1479 ,
90 1419 223 1479 inunctis
245 1418 440 1480 medicamine
463 1419 558 1479 oculis
580 1420 700 1480 salivam
721 1421 811 1481 infici.

49 1520 75 1562 15
158 1500 232 1590 (15)
280 1505 420 1568 Ceterum
450 1507 536 1568 editis
563 1510 711 1589 primores
741 1511 867 1590 septimo
895 1527 999 1571 mense
1026 1512 1107 1589 gigni
1126 1521 1159 1573 66
1206 1589 1209 1594 ¹

89 1595 210 1678 dentes,
237 1597 381 1674 priusque
406 1598 438 1656 in
461 1615 570 1676 supera
593 1597 777 1678 temperie,
801 1597 881 1658 haud
905 1597 1030 1660 dubium
1053 1606 1107 1679 est,

86 1687 216 1764 'septimo
244 1683 365 1744 eosdem
388 1684 525 1746 decidere
554 1705 631 1746 anno
659 1687 791 1766 aliosque
820 1687 931 1769 sollici,
963 1687 1107 1766 quosdam

91 1780 121 1832 61
144 1791 211 1834 cum
236 1771 376 1834 dentibus
399 1776 491 1856 nasci,
514 1777 592 1836 siout
614 1774 660 1836 Μ’.
685 1774 817 1858 Curium,
840 1779 892 1854 qui
915 1774 953 1836 ob
976 1775 1006 1836 id
1030 1775 1105 1836 lien-

90 1868 169 1922 tatus
193 1865 418 1940 cognominatus
441 1871 500 1944 est,
517 1871 554 1924 et
577 1863 629 1924 Cu.
647 1863 800 1943 Papirium
821 1850 1105 1945 Carbone'insprae-

49 1949 187 2010 26616666
214 1952 304 2012 viros.
349 1953 380 2011 in
409 1951 527 2012 feminis
555 1970 589 2012 66
617 1970 666 2012 666
693 1955 869 2033 inauspicati
896 1953 953 2014 1611
979 1953 1106 2032 exempli

89 2057 196 2118 regum
217 2039 411 2118 temporibus.
456 2059 525 2102 cum
547 2043 588 2101 116
611 2048 679 2100 nata
702 2048 782 2102 esset
803 2039 930 2121 Valeria,
954 2043 1043 2102 exitio
1067 2043 1106 2102 ci·
1126 2054 1159 2103 69

89 2129 173 2188 vitati
199 2130 230 2188 in
254 2146 343 2206 quam
365 2128 460 2189 delata
487 2137 567 2190 esset
589 2129 721 2190 loturam
747 2146 892 2208 responso
914 2129 1108 2208 haruspicum

89 2218 282 2296 vaticinante,
313 2217 454 2278 Suessam
475 2217 640 2278 Pometiam
662 2217 711 2277 illa
734 2224 910 2298 tempestate
932 2216 1106 2277 florentissi-

89 2323 169 2366 mam
192 2304 346 2384 deportata
370 2314 424 2387 est,
447 2306 576 2367 veridico
601 2308 683 2366 exitu
706 2303 911 2367 consecuto*
935 2304 1025 2384 aliqui
1043 2307 1107 2365 vice

50 2393 226 2454 sedentium
264 2396 406 2455 continuo
437 2413 504 2455 osse
537 2397 713 2475 gignuntur,
750 2397 838 2456 sicuti
869 2393 992 2454 Prusiae
1028 2396 1107 2472 regis

90 2481 288 2562 Bithynorum
315 2483 394 2545 lilius
422 2502 552 2563 superna
578 2491 663 2564 parte
692 2485 761 2544 oris.
798 2481 818 2524 ’i
845 2483 997 2544 hominem
1022 2483 1106 2563 prius

91 2589 181 2650 quam
204 2573 304 2650 genito
327 2571 416 2633 dente
440 2575 567 2632 cremari
589 2591 654 2633 mos
673 2575 807 2651 gentium
829 2590 889 2633 non
914 2579 967 2633 est.
988 2569 1007 2611 *
1035 2570 1106 2631 den·
1126 2583 1162 2632 to

90 2668 137 2720 166
165 2652 266 2722 autem
295 2663 328 2720 16
355 2668 471 2722 tantum
498 2662 601 2722 invicti
629 2669 699 2722 sunt
725 2661 858 2742 ignibus²
894 2668 929 2721 ct
956 2677 1013 2720 nee
1043 2677 1106 2720 cre-

90 2756 211 2810 mentur
243 2766 312 2810 cum
339 2749 454 2828 reliquo
482 2767 621 2832 corpore,
651 2749 789 2830 idemque
817 2749 942 2810 flammis
971 2747 1108 2809 indomiti

51 2848 78 2888 ³⁰
92 2845 234 2899 cavantur
261 2837 329 2898 tabe
357 2839 489 2917 pituitae.
535 2838 695 2899 candorem
717 2838 840 2900 trahunt
862 2835 989 2917 quodam
1016 2836 1107 2898 medi·

165 3101 326 3168 igustatas
345 3097 382 3151 sl.
410 3099 536 3152 66616166
554 3098 644 3151 nmo.
718 3104 733 3150 6
758 3096 954 3151 6666111161.
983 3112 1016 3150 ae
1035 3096 1072 3149 2².
1103 3097 1107 3167 t

11 3231 14 3237 ¹
91 3169 216 3224 moribus
235 3170 338 3222 DF121.
366 3169 503 3223 matribus
521 3169 558 3222 al.
585 3172 588 3238 l
613 3169 660 3222 hie
679 3173 777 3221 DFsd.
855 3166 991 3221 91661661
1009 3171 1106 3248 lifoi.

165 3245 198 3294 10
222 3241 359 3309 11161666.
392 3241 443 3306 cfr.
463 3239 734 3294 1161616116157.
823 3244 856 3292 13
880 3239 1108 3307 praerogatiuam

92 3317 199 3365 1111116.
220 3313 224 3380 Ι
246 3309 398 3381 accipimus
416 3314 493 3364 Bor.
518 3326 615 3380 aceep-
633 3315 710 3362 nra.
779 3315 814 3364 24
828 3315 893 3378 post
911 3310 1060 3364 consecuto
1080 3309 1107 3362 11.

91 3383 192 3437 hubent
209 3384 291 3437 cerba
312 3398 382 3451 quas
404 3383 564 3451 transposui
586 3382 618 3435 aia
637 3386 651 3446 5
670 3385 707 3435 46
730 3380 867 3448 quasdam
881 3411 914 3419 -
929 3379 1032 3433 indicio
1057 3379 1108 3432 661.

164 3459 199 3508 16
222 3453 395 3508 bithincrum
416 3458 448 3506 B.
480 3451 673 3522 bithyniorum
695 3455 793 3505 DFsd.
823 3453 828 3521 1
856 3450 1109 3504 hominem-non

93 3525 136 3576 est
153 3540 202 3594 spo
219 3525 272 3579 huc
289 3525 449 3594 transposui
467 3541 501 3578 66
519 3529 534 3588 ξ
554 3528 601 3580 72.
674 3527 708 3576 28
726 3522 756 3575 in
774 3537 829 3591 epo.
860 3521 1108 3588 61611161696.
1228 3554 1234 3558 -

15 3611 22 3619 ·
92 3597 191 3652 66611.
265 3600 298 3649 29
318 3597 475 3650 crementur
492 3600 569 3648 nra.
598 3595 753 3648 auteurs.
1160 3611 1162 3613 ·

145 3685 361 3727 Primanorum.
388 3685 419 3725 11.
454 3744 456 3748 V
531 3736 533 3743 s
930 3684 945 3730 2
