2628 3950
189 133 226 178 w
594 109 802 166 Parasino

188 261 299 319 natura
321 260 468 335 positum,
495 262 543 336 ut,
572 260 687 336 siquis
715 278 810 320 novae
837 262 1019 322 recensionis
1048 279 1207 338 operosum

188 348 325 408 laborem
342 348 375 407 in
393 367 425 408 se
443 349 600 424 receperit,
624 349 713 407 nimis
733 350 871 427 angustis
890 350 1001 410 finibus
1024 351 1155 409 coerceri
1177 353 1208 410 et

188 437 295 495 alienis
309 437 411 513 potius
430 437 598 496 rationibus
613 455 720 513 perere
735 457 825 514 quam
843 439 938 499 libero
957 441 989 498 et
1008 456 1061 498 suc
1080 439 1207 499 arbitrio

189 526 236 583 uti
257 524 343 585 noIIt.
377 544 470 602 quare
484 525 518 584 B.
535 525 570 585 G.
585 526 761 586 Teubnerus
785 527 873 586 facile
896 527 1052 604 concessit,
1075 529 1110 585 ut
1132 528 1208 587 mihi
1312 540 1313 554 ¹

187 614 309 690 integre
327 615 427 673 omnia
446 616 547 675 essent
571 633 606 673 ac
627 615 725 674 libera
747 618 779 674 et
801 617 918 676 mutata
941 617 1034 676 etiam
1055 615 1153 676 forma
1176 618 1207 677 et
1312 629 1313 632 ’

188 702 384 779 disposicione
413 703 553 762 editionis
582 703 772 779 singularum
798 705 980 781 paginarum
1009 706 1041 763 in
1069 706 1206 782 margine

188 792 407 868 scripturarum
425 791 662 868 discrepantium
685 811 754 850 eum
777 793 926 852 delectum
950 793 1124 868 sufficerem,
1147 813 1206 870 quo

187 880 226 939 ad
244 881 449 940 recensionem
468 882 550 940 recte
569 880 760 940 iudicandam
778 900 853 957 opus
873 901 940 942 csse
957 881 1120 941 uideretur.
1150 883 1206 942 ita-
1311 863 1313 874 ⁴

188 988 246 1045 que
274 987 456 1045 quamquam
482 969 574 1030 Ianus
603 971 747 1046 quattuor
774 970 869 1030 libros
896 970 1008 1030 iterum
1034 971 1206 1047 recognitos
1312 985 1313 998 ³

159 1069 161 1074 '
188 1075 351 1134 eorumque
381 1058 549 1133 scripturae
579 1058 813 1134 discrepantiam
843 1077 898 1118 sua
927 1076 1019 1118 manu
1050 1062 1206 1119 exaratam

187 1147 365 1223 reliquerat,
388 1148 492 1206 tamen
513 1165 532 1204 a
553 1147 613 1205 VH
635 1165 730 1223 usque
754 1146 792 1205 ad
814 1147 871 1205 XV
893 1148 1006 1206 librum
1028 1149 1129 1207 totum
1155 1167 1206 1209 vo·
1244 1159 1250 1168 '

187 1235 291 1296 lumen
312 1236 378 1312 ipse
395 1237 464 1311 plus
488 1236 581 1296 semel
597 1236 784 1312 pertractavi
806 1251 841 1295 ac
864 1237 981 1296 textum
1004 1238 1036 1296 et
1058 1254 1206 1297 commen-

187 1324 301 1384 tarium
324 1324 461 1384 criticum
483 1343 550 1384 meo
573 1324 685 1384 iudicio
700 1325 860 1401 conetItui,
884 1326 919 1383 ut
941 1343 1135 1401 quaecunque
1158 1327 1207 1387 vol

188 1412 435 1488 reprehendenda
448 1412 497 1473 vel
510 1413 668 1489 probanda
682 1414 744 1472 sint
761 1414 801 1472 ad
814 1433 862 1473 mc
879 1433 974 1474 unum
987 1415 1169 1490 pertineant.
1174 1408 1206 1496 ²¹²)

259 1561 284 1632 *)
308 1560 351 1617 Ex
372 1563 408 1618 iis
426 1580 498 1632 quae
516 1563 675 1620 Lndcvicus
698 1563 781 1618 Ianus
804 1564 920 1633 reliquit
941 1565 1072 1636 possideo
1095 1569 1207 1636 praeter
1312 1557 1313 1574 ³

186 1633 274 1689 libros
302 1635 412 1703 aliquot
443 1637 473 1688 et
503 1636 753 1690 commentationes
785 1636 822 1690 ad
853 1638 1020 1706 apparatum
1047 1636 1206 1692 Plinianum

186 1706 359 1775 pertinentes
385 1705 517 1760 editionis
543 1707 602 1762 eius
628 1707 778 1762 volumnus
808 1707 923 1761 alterius
953 1708 1097 1778 exemplar
1125 1708 1206 1774 illud,

187 1777 266 1830 cuius
284 1777 430 1847 plagulas,
453 1778 477 1832 si
496 1794 592 1832 omnes
615 1777 718 1835 iterum
739 1792 940 1848 recognoscere
963 1778 1101 1847 licuisset,
1124 1782 1205 1851 typo·

186 1847 283 1912 thetae
301 1847 455 1914 traditurus
474 1850 548 1915 erat,
568 1850 597 1918 ct
614 1848 751 1910 tredecim
768 1848 851 1917 folia,
873 1849 903 1904 in
926 1849 1027 1919 quibus
1050 1851 1204 1920 scripturae

187 1917 405 1988 discrepantiam
423 1935 474 1972 sua
487 1935 572 1973 manu
586 1921 757 1974 exaraverat.
785 1919 908 1975 absolvit
925 1922 1021 1976 autem
1037 1921 1205 1990 recognitio-

186 2005 252 2043 nem
274 1991 407 2058 quettuor
429 1989 565 2044 librorum
591 1992 620 2044 et
646 1993 780 2058 quattuor
806 1991 1048 2062 paragraphorum
1066 1991 1132 2046 libri
1153 1991 1205 2059 ΧΙ;

186 2060 318 2116 ultimum
334 2060 447 2128 folium,
471 2060 547 2130 quod
565 2061 602 2116 ad
619 2061 741 2130 primam
759 2062 912 2117 sectionem
934 2062 1001 2117 libri
1018 2062 1057 2116 XI
1074 2061 1205 2132 pertinet,

187 2130 373 2189 Calendarum
387 2132 551 2188 Martiarum
566 2149 590 2186 a.
607 2137 676 2186 1869
692 2132 926 2202 significationem
938 2132 1034 2201 habet,
1052 2150 1107 2203 quo
1122 2133 1206 2190 simul

187 2201 306 2328 appeteret
322 2203 405 2328 illupn
418 2203 511 2327 {linio
529 2220 581 2258 sno
600 2203 743 2285 assiduam
761 2220 876 2328 {mm
893 2219 1072 2329 spararebnon
1090 2203 1205 2329 dcpiippp

730 2293 748 2326 X

186 2290 236 2398 a
269 2290 730 2414 staretstart?
749 2282 1205 2416 6616661666.

186 2414 253 2469 dum
275 2415 404 2485 permisit
428 2415 726 2470 eiusdem‘voluminis
749 2416 779 2469 id
802 2416 958 2486 exemplar,
986 2416 1017 2470 in
1039 2432 1095 2485 quo
1118 2416 1204 2471 adno-

185 2485 308 2542 tationes
325 2490 407 2556 pater
425 2485 604 2544 conscribere
620 2487 737 2544 solebat.
769 2488 799 2542 in
816 2488 861 2542 his
880 2487 1008 2542 omnibus
1021 2502 1091 2556 quas
1109 2486 1206 2542 inveni

187 2557 361 2612 coniecturas
379 2557 529 2613 nonnullas
547 2557 723 2627 reciptendas
741 2557 820 2628 duxi,
843 2558 991 2628 pleresque
1012 2556 1043 2612 in
1065 2573 1204 2614 commen·

186 2628 259 2682 tenio
279 2627 442 2698 significavi,
462 2645 558 2684 omnes
577 2626 697 2698 denique
715 2627 745 2700 in
763 2647 849 2682 unum
868 2628 1030 2684 coniunctas
1048 2644 1205 2698 proponere

185 2698 241 2752 hoc
264 2698 327 2754 loco
346 2699 448 2768 placet.
477 2701 542 2753 sunt
559 2701 655 2753 autem
674 2699 795 2766 sedecim
813 2700 879 2755 hae:
898 2699 999 2754 VIIb4
1017 2699 1206 2770 prolabentis

186 2769 297 2838 recepit
306 2771 385 2828 nate
398 2771 432 2837 is,
443 2771 496 2824 sed
508 2769 670 2824 dubitanter
682 2771 796 2840 recept,
810 2787 876 2824 nam
889 2771 919 2824 in
934 2771 1089 2854 scripturae
1102 2771 1205 2846 disere·

186 2841 285 2909 pantia
303 2840 424 2896 addidit:
445 2841 499 2896 ‘en
516 2842 628 2902 botenti
644 2841 758 2896 snaml'
785 2842 837 2896 VII
852 2848 886 2898 69
906 2842 960 2897 scri
1004 2843 1019 2895 t
1035 2859 1049 2896 c
1067 2841 1204 2912 cenea,

186 2912 300 2966 auctore
319 2911 481 2968 Detlefseno
500 2912 549 2984 qui
566 2914 700 2982 posuerat
717 2929 751 2966 cn
769 2912 905 2968 Cornelia.
1032 2918 1067 2967 44
1089 2930 1141 2983 pro
1164 2915 1204 2970 al·

185 2983 282 3037 oroma
296 2982 548 3050 missitabant,
566 2983 672 3039 ibidem
686 2987 737 3038 162
752 2983 829 3052 eripi,
850 2989 900 3038 198
915 2984 1021 3039 vestita.
1049 2985 1074 3038 ia
1091 2985 1204 3054 quibam

186 3051 226 3105 IX
241 3059 273 3108 16
292 3055 456 3122 redditores,
476 3061 509 3110 67
524 3053 578 3108 HS
594 3058 669 3122 ”sris-r,
690 3060 740 3108 133
761 3071 848 3124 oquae
866 3057 896 3109 et
913 3056 1035 3124 aequali,
1056 3061 1106 3110 143
1122 3071 1204 3124 prac-

186 3125 304 3178 961666.
342 3123 416 3180 1126
434 3141 485 3196 pro
503 3127 670 3194 minaequc,
689 3126 765 3194 quod
782 3125 934 3180 Rhenanus
953 3125 1085 3193 coniecit,
1104 3126 1206 3180 maluit

186 3195 357 3264 interimque,
371 3201 404 3252 69
419 3197 523 3264 decoro,
533 3201 572 3258 ,16
586 3195 650 3252 Elii
662 3213 714 3266 pro
727 3197 801 3264 Elei,
821 3201 873 3254 156
887 3196 1023 3252 librorum
1038 3197 1205 3266 scripturam

187 3271 281 3325 centra
294 3267 415 3322 munivit
428 3267 514 3325 citato
529 3267 753 3338 Geopcnicorum
762 3267 839 3324 loco.
867 3267 906 3322 XI
921 3273 972 3322 122
987 3267 1107 3323 coniecit
1119 3283 1203 3338 pecu-

187 3337 283 3392 liarem
297 3338 383 3393 dotem
397 3337 443 3392 vel
452 3337 595 3408 peculiare
607 3337 750 3408 quiddam
766 3337 831 3392 XIV
840 3343 883 3405 96,
897 3339 946 3396 ubi
960 3354 1012 3410 ego
1026 3353 1078 3392 aaa
1092 3338 1205 3396 iacente

188 3408 299 3478 scripsi,
318 3407 429 3479 LIpsius
447 3410 529 3479 epist.
543 3411 650 3478 quaest.
669 3409 731 3464 Iro
750 3410 910 3464 coniecerat
926 3425 978 3464 aaa
996 3409 1134 3477 meroris,
1151 3426 1203 3479 pro

187 3479 323 3534 librorum
337 3479 457 3535 lectione
471 3497 524 3536 sac
536 3482 569 3535 ia
586 3496 680 3535 omaso
697 3480 874 3536 scribendum
891 3480 1004 3551 putavit
1020 3494 1070 3535 ereo
1089 3495 1154 3536 ceco
1172 3483 1205 3536 s'a

187 3565 280 3606 measa
298 3551 344 3606 vel
358 3552 525 3621 praecipiam
544 3551 597 3606 XV
615 3557 668 3606 114
684 3553 794 3622 pereira
810 3557 984 3622 perarantur.
