2606 3952
369 155 454 212 Nor.
473 155 567 212 uisu.
586 156 651 212 xlv
669 162 740 212 4-e
760 159 850 226 (o—s)
1048 156 1112 222 361

99 316 198 370 tamen
212 283 304 368 usura
318 304 511 385 multiplicata
530 305 714 388 semissibus,
738 323 813 386 quae
833 306 926 370 civilis
945 324 980 367 ac
999 306 1114 368 modica

100 406 159 478 est,
185 397 217 456 in
240 393 272 456 G.
296 393 431 460 Caesaris
454 394 622 458 Germanici
649 395 692 456 fili
718 395 901 477 principatu,
928 397 1014 458 annis
1042 408 1114 456 cnx
1204 462 1211 476 ¹

100 483 230 564 singtdas
256 484 360 546 uncias
387 484 448 544 vini
475 485 645 548 constitisse
671 483 765 546 nobili
792 482 927 565 exemplo
957 483 1114 546 docuimus

99 573 264 636 reserentes
286 575 377 634 vitam
398 571 555 652 Pomponii
578 572 709 637 Secundi
731 575 806 634 vatis
832 591 996 653 cenamque
1025 591 1114 653 quam

71 664 226 743 sprinotpi
248 662 291 724 illi
314 662 404 726 dedit.
448 669 565 724 tautum
586 664 783 742 pecuniarum
806 662 940 724 detinent
961 664 1023 724 rirri
1045 681 1114 743 apo·

9 747 10 766 ³
98 751 210 814 thecae.
256 769 313 812 nec
332 751 387 814 alia
409 769 459 814 res
482 753 578 812 maius
600 753 820 814 incrementum
843 753 933 814 sentit
956 751 992 812 ad
1014 753 1113 814 vicen
1132 758 1166 809 tt

97 842 207 902 simum
230 857 340 904 annum
362 842 493 902 maiusve
517 839 554 900 ab
577 858 613 901 eo
636 840 834 924 dispendium,
856 857 917 902 non
939 839 1114 920 proficiente

96 931 203 1008 pretio.
248 947 318 992 raro
346 930 456 1009 quippe
484 929 580 992 adhuc
607 930 707 1013 suere,
733 947 791 992 neo
818 931 876 992 nisi
903 931 935 990 iu
962 935 1115 1011 nepotata,

97 1018 223 1098 stagnus
246 1021 331 1080 testis
349 1018 429 1080 milia
446 1037 610 1082 nummum.
647 1018 831 1082 Viennenses
855 1016 911 1080 soli
933 1020 1030 1098 picata
1053 1035 1116 1099 sua,

57 1121 83 1176 19
98 1125 229 1186 quornm
250 1125 361 1187 genera
383 1107 521 1189 diximus,
543 1107 639 1188 pluris
661 1115 847 1190 permutare,
870 1107 923 1170 sed
946 1109 1026 1168 inter
1048 1125 1114 1168 sese
1129 1119 1155 1160 ιε

61 1237 62 1242 1
96 1215 198 1259 amore
220 1198 332 1279 patrio,
361 1196 535 1260 ereduntur.
571 1197 661 1277 idque
689 1199 791 1258 vincam
822 1196 959 1275 frigidius
991 1195 1115 1274 reliquis

96 1287 284 1348 existimatur
306 1288 338 1348 in
361 1285 468 1365 frigido
491 1293 574 1366 potu.

165 1368 201 1437 5.
221 1367 273 1457 (i)
293 1373 367 1436 Viuo
382 1382 487 1436 natura
501 1382 548 1437 est
562 1373 669 1436 hausto
688 1373 871 1438 accendendi
889 1373 987 1435 calore
1000 1374 1116 1434 viscera
1134 1377 1168 1431 58

95 1465 192 1545 intus,
215 1465 289 1526 ioris
311 1464 412 1526 infuso
434 1463 640 1543 refrigerandi.
686 1481 742 1526 neo
770 1463 900 1524 adenem
922 1463 1014 1524 inerit
1036 1479 1115 1524 com·

56 1565 82 1605 15
95 1571 264 1614 memorare
283 1552 340 1614 hoc
358 1555 390 1614 in
408 1552 474 1613 ioco
497 1552 577 1632 quod
596 1551 827 1632 Androcydes
850 1553 994 1631 sapientia
1016 1551 1115 1612 clarus

97 1642 134 1703 ad
158 1640 358 1704 Alexandrum
381 1641 520 1721 Magnum
544 1643 674 1722 scripsit,
695 1642 955 1721 intemperantiam
978 1641 1043 1702 eius
1067 1658 1115 1700 co-

94 1729 219 1793 hibens:
251 1730 376 1793 Vinum
407 1737 575 1812 poturus,
615 1748 692 1811 rex,
723 1736 899 1790 memento
926 1727 1052 1790 hibere
1080 1735 1115 1790 te

95 1822 309 1899 sanguinem
338 1828 467 1881 terrae.
514 1821 635 1881 cicuta
662 1819 818 1880 hominis
845 1835 1021 1879 venenum
1047 1826 1117 1899 est,

95 1911 240 1972 cicutae
259 1910 388 1970 vinum.
422 1907 531 1987 quibus
545 1911 713 1988 praeceptis
731 1906 779 1969 ille
799 1909 825 1968 si
843 1906 1117 1989 obtemperavisset,

54 2010 81 2052 so
94 1997 235 2078 proiecto
258 1999 370 2061 amicos
397 1999 428 2058 in
456 1996 631 2060 temulentia
657 2012 729 2058 non‘
745 1997 960 2076 interemisset,
991 2013 1116 2075 prorsus

95 2096 131 2149 ut
160 2088 227 2148 iure
255 2086 314 2146 dici
341 2088 437 2164 possit
464 2103 562 2164 neque
590 2084 704 2148 viribus
734 2087 869 2164 corporis
900 2084 1004 2148 utilius
1036 2083 1115 2146 aiud

94 2193 197 2255 neque
222 2173 424 2254 voluptatibus
446 2175 654 2256 perniciosius,
677 2176 703 2234 si
725 2174 832 2235 modus
855 2172 942 2235 absit.

166 2259 202 2328 e.
226 2257 280 2346 (8)
299 2259 364 2344 <1>
388 2262 506 2324 Genera
527 2271 627 2325 autem
649 2265 710 2324 viui
732 2262 788 2323 alia
810 2262 875 2324 aliis
897 2263 1026 2342 gratiora
1049 2268 1170 2324 essese

95 2356 166 2433 quir
190 2351 320 2433 dubitet,
351 2360 403 2414 aut
429 2370 490 2413 non
518 2370 554 2412 ex
582 2353 687 2414 eodem
714 2351 781 2414 lacu
807 2350 891 2413 aliam
915 2352 1116 2430 praestantius

53 2456 80 2498 rs
94 2443 193 2504 altero
227 2443 452 2529 germanitatem
484 2440 663 2521 praecedere
697 2443 758 2502 sire
791 2446 867 2500 testa
899 2442 960 2500 sive
992 2439 1116 2500 fortuito

93 2583 311 2592 ——n—-m-i--u

93 2649 190 2704 Berol.
205 2652 279 2704 1859
293 2653 361 2717 121.
388 2664 427 2704 cc
445 2645 492 2702 XO
510 2645 558 2701 HS
576 2649 679 2714 tamem
698 2662 783 2702 usare
848 2643 876 2700 ..2

172 2719 334 2776 loauiisa„
406 2717 649 2775 itannoaHurd.
676 2716 799 2774 nummis
848 2717 853 2730 '
886 2759 892 2772 .
964 2714 1117 2785 samguis

92 2792 186 2848 Baro.
216 2792 221 2859 Ι
249 2790 309 2845 uini
327 2795 374 2845 do.
405 2790 465 2846 uini
488 2807 523 2846 ex
544 2807 569 2845 s.
601 2789 701 2844 uineae
723 2795 773 2843 lto.
806 2787 866 2844 vini
888 2803 922 2842 ao
946 2785 1003 2842 Uri.
1022 2787 1116 2842 street

88 2866 201 2932 p.186.
229 2878 268 2919 ost
285 2861 345 2917 vini
362 2860 443 2918 sius?
468 2863 472 2931 Ι
497 2860 657 2916 constitutis
676 2877 706 2914 se
725 2863 751 2926 (e
768 2859 814 2929 θ’)
832 2866 882 2914 no.
955 2863 971 2912 5
989 2857 1118 2913 detinent

93 2939 142 2990 dc.
173 2931 263 2988 deiin
279 2949 302 2988 r.
319 2933 324 3001 Ι
339 2933 463 2990 vinium.
477 2937 502 2991 d.
575 2932 790 3001 Sinnepotetu
803 2927 1031 2998 codd.Gei.(1t?).
1059 2932 1116 2984 tus

93 3011 140 3062 ed.
175 3004 236 3060 uiui
253 3006 368 3074 potatus
387 3023 412 3060 ι
443 3003 603 3074 importatis
622 3002 822 3059 edd.enteGei.
913 3000 1117 3058 suismemes

93 3081 142 3134 dc.
173 3075 284 3132 menses
301 3093 325 3131 r.
405 3079 440 3132 18
459 3075 552 3132 doute
569 3074 814 3132 uareouuaoes
822 3071 1012 3130 Boenasa.
1044 3073 1118 3128 sient
1154 3107 1156 3110 .

93 3165 112 3203 e
130 3145 197 3204 Nc.
226 3146 309 3204 sicuti
326 3145 527 3204 Nesidem
534 3147 603 3201 Bos.
631 3145 705 3200 dont
722 3145 815 3202 cicuta
832 3144 949 3200 edBaa.
971 3145 975 3212 Ι
995 3143 1118 3199 hominis

91 3225 130 3275 Ι.
163 3217 206 3274 -ni
223 3217 513 3274 permeassent.
546 3233 626 3272 -uum
644 3216 756 3274 oHard.
787 3232 838 3272 oto.
853 3214 1116 3284 accidentalium!

93 3293 142 3346 est
159 3289 269 3344 homini
287 3289 523 3346 neddcotefloe.
632 3294 665 3344 ta
685 3287 794 3344 cicutae
812 3285 1116 3342 IsodrBartflard.
1135 3345 1137 3352 ‚

93 3365 137 3418 -te
156 3358 203 3416 υἱ.
230 3361 273 3416 ita
289 3363 320 3416 et
335 3360 381 3416 π’.
408 3360 508 3430 cicuta,
526 3360 569 3416 ite
588 3359 638 3430 (sio
656 3361 697 3416 ed.
708 3359 794 3428 Vero.)
813 3361 845 3414 et
861 3359 992 3415 eddom.
1019 3355 1061 3412 sic
1079 3355 1117 3412 ci·

94 3435 182 3488 outae
200 3432 316 3490 Μαι
332 3434 337 3501 Ι
353 3432 393 3488 sic
410 3431 476 3487 Εἰ.
493 3434 498 3501 Ι
513 3431 766 3503 obtemperauissst
782 3429 874 3486 We.
902 3429 975 3483 -auit
992 3429 1022 3482 et
1039 3426 1132 3480 n¹a¹.=

93 3503 173 3560 -auit
190 3505 222 3558 ut
240 3504 283 3573 (ut
299 3505 407 3574 ecotr.)
425 3523 450 3559 ι.
478 3503 551 3560 ubit
568 3505 598 3560 et
615 3520 637 3557 c.
666 3502 738 3558 -ebit
754 3503 788 3556 ut
799 3500 843 3564 Ν.
916 3505 947 3554 at
968 3499 1065 3568 posset
1081 3501 1117 3549 1.

95 3577 99 3648 1
122 3573 205 3632 eliud
222 3589 273 3630 om.
287 3579 323 3630 Ι.
395 3581 429 3631 22
447 3591 539 3644 usque
558 3574 635 3630 alind
653 3574 787 3628 educante
795 3572 859 3626 stit.
930 3575 965 3624 at
982 3569 1053 3622 loco.
1065 3570 1089 3618 d.
1111 3564 1115 3635 Ι

94 3644 179 3702 eliud
198 3645 263 3712 (aut
279 3647 317 3716 lt)
331 3646 521 3716 praestantius
538 3650 595 3702 lo.
624 3644 678 3698 -ius
697 3643 764 3698 -tior
782 3659 805 3697 r.
