2610 3960
185 116 251 182 314
527 113 557 170 C.
575 113 675 168 PLINl
694 112 852 168 SECUNDI

184 267 221 330 ad
244 283 386 347 praesens
409 263 579 326 nominibus
602 270 719 325 tantum
746 262 968 344 indicabantur,
995 271 1102 325 natura
1128 281 1211 324 roro

185 373 290 418 eorum
314 355 377 416 suis
399 353 542 415 reddetur
565 352 646 414 locis.

149 455 167 503 4
252 436 313 526 (2)
346 442 511 522 Unguentis
542 443 716 521 cognomina
746 441 854 502 dedere
884 441 949 502 aliis
977 443 1103 522 patriae,
1137 440 1211 502 aliis

184 535 258 614 suci,
282 531 346 592 aliis
369 531 500 612 arbores,
523 529 588 592 aliis
612 534 694 592 oliae
716 547 831 611 causae,
854 533 1044 611 primumque
1067 531 1098 592 id
1113 532 1210 590 seire

184 623 333 702 convenit,
351 627 494 682 mumtam
508 622 716 682 auctoritatem
731 627 761 681 et
775 621 893 699 saepius
908 621 1051 682 transisse
1066 619 1209 698 gloriam.
1226 629 1242 671 ⁵

184 711 421 772 laudatissimum
443 710 501 771 luit
523 710 688 790 antiquitus
711 712 742 770 in
765 708 837 772 Delo
860 709 970 791 insuda,
992 715 1095 788 postea
1117 707 1207 768 Men-

184 801 309 862 desium.
350 817 406 860 nec
430 800 558 860 mixtura
581 806 612 859 et
634 799 848 880 compositione
866 805 982 860 tanttrm
1004 796 1061 859 boc
1084 797 1209 878 accidit,

70 913 78 926 ·
185 888 238 950 sod
261 888 351 949 iidem
374 889 439 949 suoi
462 889 542 948 varie
565 885 635 949 alibi
657 895 746 970 atquo
769 886 840 948 abbi
861 886 1052 968 praevaluere
1075 894 1126 948 aut
1151 887 1207 947 do-

149 989 374 1058 tgeneravere.
419 978 530 1039 irinum
553 975 689 1038 Corinthi
711 977 762 1038 din
792 979 917 1038 maxime
945 976 1069 1058 placuit,
1096 983 1207 1056 postea

185 1067 296 1148 Cyzici,
319 1065 408 1127 simili
430 1065 517 1126 modo
541 1065 701 1127 rhodinum
723 1065 853 1148 Phaseli,
877 1083 966 1145 quam
988 1065 1112 1145 gloriam
1134 1064 1258 1126 abs-10

185 1155 282 1222 tudere
300 1153 451 1236 Neapolis,
471 1153 583 1236 Capua,
601 1153 773 1217 Praeneste.
810 1157 964 1217 crocinum
983 1153 1061 1215 Solis
1080 1153 1206 1215 Ciliciae

152 1249 156 1254 “
185 1245 236 1305 diu
265 1245 391 1304 maxime
419 1243 571 1305 laudatum
599 1251 658 1326 est,
690 1262 758 1305 mox
785 1243 895 1325 Rhodi,
927 1243 1141 1305 oenanthinum
1170 1245 1206 1304 in

74 1348 79 1352 ·
186 1332 292 1415 Cypro,
316 1331 437 1410 [deinde
459 1335 491 1394 in
509 1331 642 1413 Aegypto
664 1331 890 1414 praepositum]
913 1341 983 1413 post
1000 1332 1205 1415 Adramytteo,

185 1423 385 1484 amaracinum
403 1423 436 1482 in
454 1419 524 1501 Coo,
546 1429 649 1501 postea
672 1421 777 1484 eodem
793 1421 860 1482 loeo
882 1421 1048 1502 praelatum
1070 1428 1117 1483 est
1139 1439 1205 1482 mc-

184 1511 292 1592 linnm,
320 1512 475 1590 cyprinum
498 1511 530 1571 in
553 1509 663 1593 Cypro,
691 1511 797 1574 deinde
820 1513 852 1572 in
875 1510 1022 1593 Aegypto,
1044 1510 1096 1573 ubi
1119 1511 1253 1571 lien-1⁵

150 1599 302 1662 edesium
325 1608 355 1660 et
378 1601 541 1679 metopium
565 1599 664 1662 subito
683 1602 796 1681 gratius
819 1601 1004 1662 factumest.
1040 1618 1109 1662 mox
1127 1599 1204 1660 haec

187 1687 310 1750 abstulit
322 1687 472 1748 Phoenice
492 1695 522 1749 et
541 1691 657 1770 cyprini
674 1689 793 1750 landem
806 1690 938 1770 Aegypto
955 1688 1084 1768 reliquit
1108 1689 1203 1750 Pana-

184 1777 356 1839 thenaicum
379 1795 467 1838 suum
490 1777 622 1839 Athenae
644 1786 872 1858 perseveranter
894 1779 1061 1858 optinuere.
1103 1779 1204 1839 luerat

137 1894 139 1898 ·
185 1874 216 1927 ot
233 1865 399 1946 pardalium
422 1867 453 1926 in
472 1866 575 1948 Tarso,
598 1869 684 1928 ouius
708 1869 798 1929 etiam
820 1869 995 1947 compositio
1019 1875 1049 1929 et
1072 1869 1203 1928 mixtura

184 1954 354 2017 oblitterata
387 1962 441 2016 est.
500 1957 699 2017 narcissinum
736 1975 855 2036 quoque
888 1975 924 2016 ex
960 1955 1033 2017 llore
1067 1958 1202 2017 narcisso
1220 1969 1250 2010 ao

150 2045 273 2107 adesiit
301 2045 447 2124 componi.
493 2047 569 2105 ratio
599 2045 727 2106 faciendi
753 2045 876 2127 duplex,
904 2062 996 2106 sucus
1023 2052 1054 2106 et
1081 2063 1201 2124 corpus.

184 2133 233 2196 ille
257 2133 314 2194 olei
337 2131 498 2212 generibus
522 2134 585 2195 lore
609 2142 734 2216 constat,
756 2134 814 2209 hoc
836 2134 973 2196 odorum.
1012 2128 1086 2195 baec
1110 2142 1200 2214 stym-

132 2224 138 2234 '
184 2231 263 2284 mata
285 2229 400 2303 vocant,
422 2221 471 2282 illa
492 2222 672 2302 bodysmata.
718 2226 825 2285 tertius
847 2225 927 2286 inter
953 2223 1027 2285 baec
1051 2231 1097 2285 est
1084 2223 1200 2285 toolos

185 2311 287 2374 multis
309 2269 473 2390 negle’etus
508 2311 599 2373 huius
622 2331 710 2375 causa
733 2312 883 2374 adduntur
905 2312 1073 2374 cinnabaris
1096 2320 1128 2373 et
1149 2330 1199 2372 an·

183 2401 286 2462 chusa.
332 2399 374 2460 sal
402 2400 562 2480 adspersus
589 2401 648 2462 olei
675 2410 811 2464 naturam
838 2410 966 2464 coercet.
1013 2400 1122 2490 quibus
1149 2419 1199 2462 aa·
1216 2415 1246 2457 ιι

185 2490 277 2551 ohusa
300 2487 419 2550 adiecta
446 2498 505 2572 est,
532 2489 575 2550 sal
602 2509 662 2551 non
690 2491 818 2552 additur.
868 2493 967 2552 rosina
995 2498 1047 2552 aut
1073 2492 1200 2552 cummis

185 2579 355 2640 adiciuntur
377 2575 414 2638 ad
437 2579 650 2640 continendum
672 2581 825 2641 odorem
817 2598 849 2640 m
873 2597 1007 2660 corpore.
1044 2579 1199 2642 celerrime

150 2669 211 2730 ais
235 2667 385 2728 evanescit
407 2673 495 2746 atque
520 2667 640 2750 defluit,
668 2671 776 2730 sinon
800 2677 870 2730 sunt
892 2670 966 2730 haec
993 2668 1099 2730 addita.
1145 2686 1198 2729 un·

141 2767 174 2815 12
152 2763 366 2860 08guentorum
389 2756 645 2836 expeditissimum
667 2757 724 2819 fuit
746 2761 951 2840 primumque,
979 2765 1013 2819 ut
1040 2757 1197 2818 verisimile

139 2819 245 2926 rooest,
277 2863 293 2905 e
316 2843 390 2922 bryo
415 2853 444 2904 et
466 2842 603 2907 balanino
627 2845 706 2928 oleo,
740 2848 776 2908 de
804 2847 913 2927 quibus
941 2864 1031 2927 supra
1060 2845 1196 2909 diximus.
1210 2860 1240 2901 ιο

184 3011 398 3022 .....—-.--—-..

256 3104 355 3161 4eliio
374 3103 447 3161 aliae
466 3121 521 3176 ε9.ο
550 3106 613 3161 aliis
632 3107 690 3162 llo
770 3109 944 3190 annotabam
962 3107 1159 3163 auctoritatem
1174 3112 1198 3161 B

185 3181 243 3237 Get
272 3177 641 3248 iaſtrtereddanietield
664 3179 821 3234 obscenas
838 3177 1046 3250 B(bia)lthel
1074 3178 1197 3248 etpeius

185 3271 210 3308 ι.
238 3251 275 3306 ad
292 3249 590 3319 peiuseddwontetiel
674 3249 784 3306 1180
818 3179 1092 3320 eyo.i11solisllc.
1165 3254 1196 3304 13

184 3323 356 3390 deinde-p
355 3336 403 3374 rae
425 3319 528 3374 osiium
551 3322 610 3376 edd.
619 3320 786 3376 antoHard.
797 3321 859 3376 Stil.
870 3321 970 3376 Ionos.
989 3321 1083 3376 ornUll
1119 3337 1196 3390 p·rae

184 3395 309 3466 positum
326 3392 384 3446 cod.
435 3391 476 3460 iff.
486 3391 544 3446 cod.
553 3391 621 3446 Dal.
651 3393 703 3461 lp
704 3394 750 3446 ost
767 3392 944 3462 adramyttao
961 3398 994 3446 a.
1025 3392 1120 3462 posite
1119 3338 1196 3448 Ρ-ᾶιιι

185 3483 208 3521 r.
236 3466 336 3534 postea
353 3461 441 3518 Adra
459 3479 484 3516 a.
558 3467 593 3516 14
611 3462 711 3518 eadem
728 3469 781 3518 lle.
807 3463 966 3546 ipreelalo
982 3469 1034 3517 lle.
1107 3468 1149 3520 Ἡ.
1163 3469 1196 3518 23

186 3535 338 3605 stymmata
355 3533 458 3589 drodd.
467 3531 555 3587 Borb.
584 3532 640 3588 stin
658 3535 780 3590 maian.
813 3537 947 3604 stigmate
960 3553 985 3590 a
1012 3534 1108 3589 atatim
1121 3537 1198 3589 mata

185 3605 388 3677 restagnata
405 3605 465 3660 edd
475 3608 540 3658 onte
549 3603 637 3659 Borb.
