<?xml version="1.0" encoding="UTF-8"?>
<!DOCTYPE html PUBLIC "-//W3C//DTD XHTML 1.0 Transitional//EN"
    "http://www.w3.org/TR/xhtml1/DTD/xhtml1-transitional.dtd">
<html xmlns="http://www.w3.org/1999/xhtml" xml:lang="en" lang="en">
 <head>
  <title>
</title>
<meta http-equiv="Content-Type" content="text/html;charset=utf-8" />
  <meta name='ocr-system' content='tesseract 3.04.00' />
  <meta name='ocr-capabilities' content='ocr_page ocr_carea ocr_par ocr_line ocrx_word'/>
</head>
<body>
  <div class='ocr_page' id='page_1' title='image "./cplinisecundina02mayhgoog_0243.png"; bbox 0 0 2594 3960; ppageno 0'>
   <div class='ocr_carea' id='block_1_1' title="bbox 233 149 989 224">
    <p class='ocr_par' dir='ltr' id='par_1_1' title="bbox 233 149 989 224">
     <span class='ocr_line' id='line_1_1' title="bbox 233 149 989 224; baseline -0.02 0"><span class='ocrx_word' id='word_1_1' title='bbox 233 161 295 224; x_wconf 79' lang='grc'>198</span> <span class='ocrx_word' id='word_1_2' title='bbox 574 158 604 212; x_wconf 79' lang='lat' dir='ltr'>C.</span> <span class='ocrx_word' id='word_1_3' title='bbox 624 157 724 212; x_wconf 87' lang='lat' dir='ltr'>PLlNl</span> <span class='ocrx_word' id='word_1_4' title='bbox 744 156 903 212; x_wconf 83' lang='lat' dir='ltr'>SECUNDI</span> <span class='ocrx_word' id='word_1_5' title='bbox 984 149 989 158; x_wconf 71' lang='grc'><em>’</em></span> 
     </span>
    </p>
   </div>
   <div class='ocr_carea' id='block_1_2' title="bbox 140 304 1290 1012">
    <p class='ocr_par' dir='ltr' id='par_1_2' title="bbox 233 304 1269 388">
     <span class='ocr_line' id='line_1_2' title="bbox 233 304 1269 388; baseline -0.01 -17"><span class='ocrx_word' id='word_1_6' title='bbox 233 309 364 388; x_wconf 79' lang='lat' dir='ltr'>singulos</span> <span class='ocrx_word' id='word_1_7' title='bbox 384 309 446 368; x_wconf 90' lang='lat' dir='ltr'>lere</span> <span class='ocrx_word' id='word_1_8' title='bbox 470 309 560 386; x_wconf 91' lang='lat' dir='ltr'>parit,</span> <span class='ocrx_word' id='word_1_9' title='bbox 583 323 745 386; x_wconf 75' lang='lat' dir='ltr'><strong>numquam</strong></span> <span class='ocrx_word' id='word_1_10' title='bbox 767 304 836 385; x_wconf 92' lang='lat' dir='ltr'>plns</span> <span class='ocrx_word' id='word_1_11' title='bbox 858 315 974 386; x_wconf 89' lang='lat' dir='ltr'>ternos,</span> <span class='ocrx_word' id='word_1_12' title='bbox 998 309 1023 367; x_wconf 90' lang='lat' dir='ltr'>is</span> <span class='ocrx_word' id='word_1_13' title='bbox 1046 308 1099 385; x_wconf 86' lang='lat' dir='ltr'>qui</span> <span class='ocrx_word' id='word_1_14' title='bbox 1128 307 1269 382; x_wconf 82' lang='lat' dir='ltr'>aegolios</span> 
     </span>
    </p>

    <p class='ocr_par' dir='ltr' id='par_1_3' title="bbox 231 394 1268 476">
     <span class='ocr_line' id='line_1_3' title="bbox 231 394 1268 476; baseline -0.002 -22"><span class='ocrx_word' id='word_1_15' title='bbox 231 404 353 458; x_wconf 81' lang='lat' dir='ltr'>vocatur</span> <span class='ocrx_word' id='word_1_16' title='bbox 378 404 408 456; x_wconf 91' lang='lat' dir='ltr'>et</span> <span class='ocrx_word' id='word_1_17' title='bbox 431 403 606 476; x_wconf 87' lang='lat' dir='ltr'>quaternos,</span> <span class='ocrx_word' id='word_1_18' title='bbox 634 411 741 456; x_wconf 90' lang='lat' dir='ltr'>corvus</span> <span class='ocrx_word' id='word_1_19' title='bbox 765 394 922 474; x_wconf 87' lang='lat' dir='ltr'>aliquando</span> <span class='ocrx_word' id='word_1_20' title='bbox 950 403 982 456; x_wconf 90' lang='lat' dir='ltr'>et</span> <span class='ocrx_word' id='word_1_21' title='bbox 1005 397 1127 474; x_wconf 86' lang='lat' dir='ltr'>quinos.</span> <span class='ocrx_word' id='word_1_22' title='bbox 1182 396 1268 452; x_wconf 88' lang='lat' dir='ltr'>incu-</span> 
     </span>
    </p>

    <p class='ocr_par' dir='ltr' id='par_1_4' title="bbox 230 483 1269 562">
     <span class='ocr_line' id='line_1_4' title="bbox 230 483 1269 562; baseline -0.004 -17"><span class='ocrx_word' id='word_1_23' title='bbox 230 487 302 546; x_wconf 89' lang='lat' dir='ltr'>bant</span> <span class='ocrx_word' id='word_1_24' title='bbox 333 485 457 546; x_wconf 89' lang='lat' dir='ltr'>totidem</span> <span class='ocrx_word' id='word_1_25' title='bbox 487 483 602 544; x_wconf 82' lang='lat' dir='ltr'>diebus</span> <span class='ocrx_word' id='word_1_26' title='bbox 648 485 799 544; x_wconf 75' lang='lat' dir='ltr'><strong>cornicem</strong></span> <span class='ocrx_word' id='word_1_27' title='bbox 827 483 1019 544; x_wconf 78' lang='lat' dir='ltr'>incubantem</span> <span class='ocrx_word' id='word_1_28' title='bbox 1051 501 1118 544; x_wconf 86' lang='lat' dir='ltr'>mas</span> <span class='ocrx_word' id='word_1_29' title='bbox 1158 484 1269 562; x_wconf 86' lang='lat' dir='ltr'>pascit.</span> 
     </span>
    </p>

    <p class='ocr_par' dir='ltr' id='par_1_5' title="bbox 230 571 1267 654">
     <span class='ocr_line' id='line_1_5' title="bbox 230 571 1267 654; baseline -0.006 -18"><span class='ocrx_word' id='word_1_30' title='bbox 230 577 295 653; x_wconf 90' lang='lat' dir='ltr'>pica</span> <span class='ocrx_word' id='word_1_31' title='bbox 319 592 460 654; x_wconf 88' lang='lat' dir='ltr'>novenos,</span> <span class='ocrx_word' id='word_1_32' title='bbox 482 571 730 652; x_wconf 79' lang='lat' dir='ltr'><strong>melancoryphus</strong></span> <span class='ocrx_word' id='word_1_33' title='bbox 753 589 844 652; x_wconf 94' lang='lat' dir='ltr'>supra</span> <span class='ocrx_word' id='word_1_34' title='bbox 867 587 917 634; x_wconf 78' lang='lat' dir='ltr'>xx</span> <span class='ocrx_word' id='word_1_35' title='bbox 939 574 1029 653; x_wconf 91' lang='lat' dir='ltr'>parit,</span> <span class='ocrx_word' id='word_1_36' title='bbox 1053 589 1189 650; x_wconf 87' lang='lat' dir='ltr'>semper</span> <span class='ocrx_word' id='word_1_37' title='bbox 1214 589 1267 630; x_wconf 90' lang='lat' dir='ltr'>nu·</span> 
     </span>
    </p>

    <p class='ocr_par' dir='ltr' id='par_1_6' title="bbox 230 660 1290 830">
     <span class='ocr_line' id='line_1_6' title="bbox 231 660 1290 743; baseline -0.005 -20"><span class='ocrx_word' id='word_1_38' title='bbox 231 681 313 724; x_wconf 90' lang='lat' dir='ltr'>mero</span> <span class='ocrx_word' id='word_1_39' title='bbox 332 665 438 743; x_wconf 89' lang='lat' dir='ltr'>inpari,</span> <span class='ocrx_word' id='word_1_40' title='bbox 457 680 513 722; x_wconf 91' lang='lat' dir='ltr'>nec</span> <span class='ocrx_word' id='word_1_41' title='bbox 532 660 588 722; x_wconf 89' lang='lat' dir='ltr'>alia</span> <span class='ocrx_word' id='word_1_42' title='bbox 602 661 712 741; x_wconf 91' lang='lat' dir='ltr'>plures.</span> <span class='ocrx_word' id='word_1_43' title='bbox 741 669 823 721; x_wconf 85' lang='lat' dir='ltr'>tanto</span> <span class='ocrx_word' id='word_1_44' title='bbox 843 661 1009 722; x_wconf 80' lang='lat' dir='ltr'>fecunditas</span> <span class='ocrx_word' id='word_1_45' title='bbox 1028 662 1128 722; x_wconf 87' lang='lat' dir='ltr'>maior</span> <span class='ocrx_word' id='word_1_46' title='bbox 1150 662 1290 739; x_wconf 69' lang='lat' dir='ltr'>pervisa</span> 
     </span>
     <span class='ocr_line' id='line_1_7' title="bbox 230 749 1266 830; baseline -0.002 -20"><span class='ocrx_word' id='word_1_47' title='bbox 230 751 382 812; x_wconf 85' lang='lat' dir='ltr'>hirundini</span> <span class='ocrx_word' id='word_1_48' title='bbox 401 753 482 812; x_wconf 88' lang='lat' dir='ltr'>caeci</span> <span class='ocrx_word' id='word_1_49' title='bbox 501 753 597 830; x_wconf 90' lang='lat' dir='ltr'>primo</span> <span class='ocrx_word' id='word_1_50' title='bbox 616 749 690 830; x_wconf 88' lang='lat' dir='ltr'>pulli</span> <span class='ocrx_word' id='word_1_51' title='bbox 714 758 744 810; x_wconf 86' lang='lat' dir='ltr'>et</span> <span class='ocrx_word' id='word_1_52' title='bbox 767 750 830 810; x_wconf 91' lang='lat' dir='ltr'>lere</span> <span class='ocrx_word' id='word_1_53' title='bbox 855 749 993 810; x_wconf 91' lang='lat' dir='ltr'>omnibus</span> <span class='ocrx_word' id='word_1_54' title='bbox 1012 749 1126 828; x_wconf 88' lang='lat' dir='ltr'>quihus</span> <span class='ocrx_word' id='word_1_55' title='bbox 1155 767 1266 809; x_wconf 88' lang='lat' dir='ltr'>nume-</span> 
     </span>
    </p>

    <p class='ocr_par' dir='ltr' id='par_1_7' title="bbox 140 840 1119 902">
     <span class='ocr_line' id='line_1_8' title="bbox 140 840 1119 902; baseline -0.011 0"><span class='ocrx_word' id='word_1_56' title='bbox 140 874 156 902; x_wconf 73' lang='lat'>.&#39;</span> <span class='ocrx_word' id='word_1_57' title='bbox 230 842 328 901; x_wconf 88' lang='lat' dir='ltr'>rosior</span> <span class='ocrx_word' id='word_1_58' title='bbox 351 840 441 901; x_wconf 89' lang='lat' dir='ltr'>letus.</span> <span class='ocrx_word' id='word_1_59' title='bbox 1112 844 1119 849; x_wconf 83' lang='lat'>&#39;</span> 
     </span>
    </p>

    <p class='ocr_par' dir='ltr' id='par_1_8' title="bbox 179 921 1265 1012">
     <span class='ocr_line' id='line_1_9' title="bbox 179 921 1265 1012; baseline 0.001 -26"><span class='ocrx_word' id='word_1_60' title='bbox 179 937 230 988; x_wconf 79' lang='grc'>166</span> <span class='ocrx_word' id='word_1_61' title='bbox 298 921 373 1012; x_wconf 84' lang='grc'>(80)</span> <span class='ocrx_word' id='word_1_62' title='bbox 396 928 488 990; x_wconf 79' lang='lat' dir='ltr'>Inrita</span> <span class='ocrx_word' id='word_1_63' title='bbox 511 947 578 1009; x_wconf 89' lang='lat' dir='ltr'>ova,</span> <span class='ocrx_word' id='word_1_64' title='bbox 603 946 677 1007; x_wconf 90' lang='lat' dir='ltr'>quae</span> <span class='ocrx_word' id='word_1_65' title='bbox 701 928 876 1008; x_wconf 81' lang='lat' dir='ltr'>hypenemia</span> <span class='ocrx_word' id='word_1_66' title='bbox 901 928 1043 1008; x_wconf 83' lang='lat' dir='ltr'>diximus,</span> <span class='ocrx_word' id='word_1_67' title='bbox 1071 935 1125 987; x_wconf 88' lang='lat' dir='ltr'>aut</span> <span class='ocrx_word' id='word_1_68' title='bbox 1152 937 1265 988; x_wconf 88' lang='lat' dir='ltr'>mutua</span> 
     </span>
    </p>
   </div>
   <div class='ocr_carea' id='block_1_3' title="bbox 183 1005 1264 1097">
    <p class='ocr_par' dir='ltr' id='par_1_9' title="bbox 183 1005 1264 1097">
     <span class='ocr_line' id='line_1_10' title="bbox 183 1005 1264 1097; baseline -0.001 -20"><span class='ocrx_word' id='word_1_69' title='bbox 183 1005 355 1079; x_wconf 78' lang='lat' dir='ltr'>¹⁶⁰leminae</span> <span class='ocrx_word' id='word_1_70' title='bbox 379 1019 458 1078; x_wconf 87' lang='lat' dir='ltr'>inter</span> <span class='ocrx_word' id='word_1_71' title='bbox 482 1035 513 1077; x_wconf 91' lang='lat' dir='ltr'>se</span> <span class='ocrx_word' id='word_1_72' title='bbox 537 1015 668 1077; x_wconf 90' lang='lat' dir='ltr'>libidinis</span> <span class='ocrx_word' id='word_1_73' title='bbox 692 1018 1096 1097; x_wconf 70' lang='lat' dir='ltr'>imaginationeeoncipium</span> <span class='ocrx_word' id='word_1_74' title='bbox 1115 1023 1175 1078; x_wconf 89' lang='lat' dir='ltr'>ant</span> <span class='ocrx_word' id='word_1_75' title='bbox 1196 1017 1264 1097; x_wconf 92' lang='lat' dir='ltr'>pul·</span> 
     </span>
    </p>
   </div>
   <div class='ocr_carea' id='block_1_4' title="bbox 64 1105 1284 1188">
    <p class='ocr_par' dir='ltr' id='par_1_10' title="bbox 64 1105 1284 1188">
     <span class='ocr_line' id='line_1_11' title="bbox 64 1105 1284 1188; baseline 0 -23"><span class='ocrx_word' id='word_1_76' title='bbox 64 1119 67 1126; x_wconf 84' lang='lat'>·</span> <span class='ocrx_word' id='word_1_77' title='bbox 116 1157 118 1160; x_wconf 96' lang='lat'>.</span> <span class='ocrx_word' id='word_1_78' title='bbox 182 1149 185 1155; x_wconf 82' lang='lat'><em>-</em></span> <span class='ocrx_word' id='word_1_79' title='bbox 229 1125 307 1187; x_wconf 90' lang='lat' dir='ltr'>vere,</span> <span class='ocrx_word' id='word_1_80' title='bbox 331 1124 386 1167; x_wconf 88' lang='lat' dir='ltr'>nee</span> <span class='ocrx_word' id='word_1_81' title='bbox 411 1105 565 1167; x_wconf 88' lang='lat' dir='ltr'>columbae</span> <span class='ocrx_word' id='word_1_82' title='bbox 590 1113 715 1188; x_wconf 90' lang='lat' dir='ltr'>tantum,</span> <span class='ocrx_word' id='word_1_83' title='bbox 739 1106 791 1167; x_wconf 92' lang='lat' dir='ltr'>sed</span> <span class='ocrx_word' id='word_1_84' title='bbox 815 1115 846 1168; x_wconf 92' lang='lat' dir='ltr'>et</span> <span class='ocrx_word' id='word_1_85' title='bbox 869 1106 1004 1186; x_wconf 83' lang='lat' dir='ltr'>gallinae,</span> <span class='ocrx_word' id='word_1_86' title='bbox 1026 1106 1182 1186; x_wconf 87' lang='lat' dir='ltr'>perdices,</span> <span class='ocrx_word' id='word_1_87' title='bbox 1211 1121 1284 1186; x_wconf 89' lang='lat' dir='ltr'>pa·1</span> 
     </span>
    </p>
   </div>
   <div class='ocr_carea' id='block_1_5' title="bbox 141 1194 1293 2163">
    <p class='ocr_par' dir='ltr' id='par_1_11' title="bbox 228 1194 1293 1542">
     <span class='ocr_line' id='line_1_12' title="bbox 228 1194 1261 1277; baseline 0 -23"><span class='ocrx_word' id='word_1_88' title='bbox 228 1213 329 1277; x_wconf 92' lang='lat' dir='ltr'>vones,</span> <span class='ocrx_word' id='word_1_89' title='bbox 348 1213 478 1276; x_wconf 92' lang='lat' dir='ltr'>anseres,</span> <span class='ocrx_word' id='word_1_90' title='bbox 497 1194 720 1273; x_wconf 77' lang='lat' dir='ltr'>chenalopeces.</span> <span class='ocrx_word' id='word_1_91' title='bbox 749 1203 819 1256; x_wconf 93' lang='lat' dir='ltr'>sunt</span> <span class='ocrx_word' id='word_1_92' title='bbox 837 1203 937 1256; x_wconf 90' lang='lat' dir='ltr'>autem</span> <span class='ocrx_word' id='word_1_93' title='bbox 957 1195 1069 1255; x_wconf 89' lang='lat' dir='ltr'>sterilia</span> <span class='ocrx_word' id='word_1_94' title='bbox 1086 1203 1118 1255; x_wconf 90' lang='lat' dir='ltr'>ct</span> <span class='ocrx_word' id='word_1_95' title='bbox 1134 1197 1261 1256; x_wconf 90' lang='lat' dir='ltr'>minora</span> 
     </span>
     <span class='ocr_line' id='line_1_13' title="bbox 230 1283 1293 1364; baseline -0.007 -18"><span class='ocrx_word' id='word_1_96' title='bbox 230 1303 263 1346; x_wconf 86' lang='lat' dir='ltr'>ac</span> <span class='ocrx_word' id='word_1_97' title='bbox 290 1286 391 1346; x_wconf 91' lang='lat' dir='ltr'>minus</span> <span class='ocrx_word' id='word_1_98' title='bbox 418 1283 541 1345; x_wconf 90' lang='lat' dir='ltr'>iucundi</span> <span class='ocrx_word' id='word_1_99' title='bbox 572 1285 686 1364; x_wconf 91' lang='lat' dir='ltr'>saporis</span> <span class='ocrx_word' id='word_1_100' title='bbox 720 1293 749 1344; x_wconf 87' lang='lat' dir='ltr'>et</span> <span class='ocrx_word' id='word_1_101' title='bbox 781 1287 874 1364; x_wconf 88' lang='lat' dir='ltr'>magis</span> <span class='ocrx_word' id='word_1_102' title='bbox 908 1284 1016 1345; x_wconf 90' lang='lat' dir='ltr'>umida.</span> <span class='ocrx_word' id='word_1_103' title='bbox 1066 1285 1196 1363; x_wconf 88' lang='lat' dir='ltr'>quidam</span> <span class='ocrx_word' id='word_1_104' title='bbox 1234 1295 1260 1343; x_wconf 83' lang='lat' dir='ltr'>et</span> <span class='ocrx_word' id='word_1_105' title='bbox 1292 1317 1293 1338; x_wconf 60' lang='lat'>2</span> 
     </span>
     <span class='ocr_line' id='line_1_14' title="bbox 229 1365 1293 1454; baseline -0.001 -21"><span class='ocrx_word' id='word_1_106' title='bbox 229 1380 317 1436; x_wconf 83' lang='lat' dir='ltr'>rento</span> <span class='ocrx_word' id='word_1_107' title='bbox 345 1379 451 1452; x_wconf 87' lang='lat' dir='ltr'>putant</span> <span class='ocrx_word' id='word_1_108' title='bbox 479 1391 512 1432; x_wconf 89' lang='lat' dir='ltr'>ea</span> <span class='ocrx_word' id='word_1_109' title='bbox 541 1375 691 1454; x_wconf 78' lang='lat' dir='ltr'>generari,</span> <span class='ocrx_word' id='word_1_110' title='bbox 724 1391 782 1452; x_wconf 89' lang='lat' dir='ltr'>qua</span> <span class='ocrx_word' id='word_1_111' title='bbox 809 1373 846 1433; x_wconf 91' lang='lat' dir='ltr'>de</span> <span class='ocrx_word' id='word_1_112' title='bbox 875 1391 964 1434; x_wconf 88' lang='lat' dir='ltr'>cansa</span> <span class='ocrx_word' id='word_1_113' title='bbox 992 1375 1081 1434; x_wconf 87' lang='lat' dir='ltr'>etiam</span> <span class='ocrx_word' id='word_1_114' title='bbox 1109 1372 1260 1452; x_wconf 76' lang='lat' dir='ltr'>zephyria</span> <span class='ocrx_word' id='word_1_115' title='bbox 1292 1365 1293 1368; x_wconf 51' lang='lat'>&#39;</span> 
     </span>
     <span class='ocr_line' id='line_1_15' title="bbox 231 1460 1259 1542; baseline 0 -22"><span class='ocrx_word' id='word_1_116' title='bbox 231 1460 424 1542; x_wconf 78' lang='lat' dir='ltr'>appellantur.</span> <span class='ocrx_word' id='word_1_117' title='bbox 470 1463 556 1521; x_wconf 76' lang='lat' dir='ltr'>irrina</span> <span class='ocrx_word' id='word_1_118' title='bbox 584 1469 684 1522; x_wconf 89' lang='lat' dir='ltr'>autem</span> <span class='ocrx_word' id='word_1_119' title='bbox 712 1479 781 1522; x_wconf 90' lang='lat' dir='ltr'>vere</span> <span class='ocrx_word' id='word_1_120' title='bbox 809 1469 926 1523; x_wconf 90' lang='lat' dir='ltr'>tantum</span> <span class='ocrx_word' id='word_1_121' title='bbox 953 1463 1029 1522; x_wconf 85' lang='lat' dir='ltr'>fiunt</span> <span class='ocrx_word' id='word_1_122' title='bbox 1056 1461 1259 1522; x_wconf 82' lang='lat' dir='ltr'>incubatione</span> 
     </span>
    </p>

    <p class='ocr_par' dir='ltr' id='par_1_12' title="bbox 179 1549 1292 1630">
     <span class='ocr_line' id='line_1_16' title="bbox 179 1549 1292 1630; baseline 0.004 -24"><span class='ocrx_word' id='word_1_123' title='bbox 179 1558 229 1607; x_wconf 73' lang='lat'>167</span> <span class='ocrx_word' id='word_1_124' title='bbox 241 1549 391 1630; x_wconf 89' lang='lat' dir='ltr'>derelicta,</span> <span class='ocrx_word' id='word_1_125' title='bbox 414 1567 490 1628; x_wconf 90' lang='lat' dir='ltr'>quae</span> <span class='ocrx_word' id='word_1_126' title='bbox 515 1549 563 1610; x_wconf 93' lang='lat' dir='ltr'>alii</span> <span class='ocrx_word' id='word_1_127' title='bbox 587 1568 734 1630; x_wconf 85' lang='lat' dir='ltr'>cynosura</span> <span class='ocrx_word' id='word_1_128' title='bbox 758 1551 868 1612; x_wconf 86' lang='lat' dir='ltr'>dixere.</span> <span class='ocrx_word' id='word_1_129' title='bbox 915 1569 968 1611; x_wconf 85' lang='lat' dir='ltr'>ova</span> <span class='ocrx_word' id='word_1_130' title='bbox 992 1558 1076 1611; x_wconf 90' lang='lat' dir='ltr'>aceto</span> <span class='ocrx_word' id='word_1_131' title='bbox 1100 1559 1258 1611; x_wconf 87' lang='lat' dir='ltr'>macerata</span> <span class='ocrx_word' id='word_1_132' title='bbox 1274 1563 1292 1602; x_wconf 75' lang='lat'>1:</span> 
     </span>
    </p>

    <p class='ocr_par' dir='ltr' id='par_1_13' title="bbox 141 1637 1257 1879">
     <span class='ocr_line' id='line_1_17' title="bbox 141 1637 1257 1719; baseline 0 -21"><span class='ocrx_word' id='word_1_133' title='bbox 141 1705 145 1710; x_wconf 57' lang='grc'><em>,</em></span> <span class='ocrx_word' id='word_1_134' title='bbox 230 1641 261 1699; x_wconf 92' lang='lat' dir='ltr'>in</span> <span class='ocrx_word' id='word_1_135' title='bbox 289 1646 405 1698; x_wconf 91' lang='lat' dir='ltr'>tantum</span> <span class='ocrx_word' id='word_1_136' title='bbox 433 1637 625 1700; x_wconf 89' lang='lat' dir='ltr'>emolliuntur</span> <span class='ocrx_word' id='word_1_137' title='bbox 654 1647 688 1700; x_wconf 91' lang='lat' dir='ltr'>ut</span> <span class='ocrx_word' id='word_1_138' title='bbox 714 1657 769 1719; x_wconf 95' lang='lat' dir='ltr'>per</span> <span class='ocrx_word' id='word_1_139' title='bbox 797 1639 901 1700; x_wconf 87' lang='lat' dir='ltr'>anulos</span> <span class='ocrx_word' id='word_1_140' title='bbox 929 1647 1090 1707; x_wconf 85' lang='lat' dir='ltr'>transeant.</span> <span class='ocrx_word' id='word_1_141' title='bbox 1138 1642 1257 1700; x_wconf 89' lang='lat' dir='ltr'>servari</span> 
     </span>
     <span class='ocr_line' id='line_1_18' title="bbox 231 1726 1255 1809; baseline 0.003 -24"><span class='ocrx_word' id='word_1_142' title='bbox 231 1728 318 1786; x_wconf 87' lang='lat' dir='ltr'>eain</span> <span class='ocrx_word' id='word_1_143' title='bbox 342 1726 472 1786; x_wconf 89' lang='lat' dir='ltr'>lomento</span> <span class='ocrx_word' id='word_1_144' title='bbox 496 1735 549 1788; x_wconf 91' lang='lat' dir='ltr'>aut</span> <span class='ocrx_word' id='word_1_145' title='bbox 570 1727 667 1788; x_wconf 92' lang='lat' dir='ltr'>hieme</span> <span class='ocrx_word' id='word_1_146' title='bbox 691 1730 721 1788; x_wconf 93' lang='lat' dir='ltr'>in</span> <span class='ocrx_word' id='word_1_147' title='bbox 746 1727 851 1809; x_wconf 92' lang='lat' dir='ltr'>paleis,</span> <span class='ocrx_word' id='word_1_148' title='bbox 880 1736 990 1789; x_wconf 88' lang='lat' dir='ltr'>aestate</span> <span class='ocrx_word' id='word_1_149' title='bbox 1019 1730 1051 1789; x_wconf 92' lang='lat' dir='ltr'>in</span> <span class='ocrx_word' id='word_1_150' title='bbox 1080 1727 1255 1790; x_wconf 80' lang='lat' dir='ltr'>turturibus</span> 
     </span>
     <span class='ocr_line' id='line_1_19' title="bbox 232 1814 905 1879; baseline 0.006 -5"><span class='ocrx_word' id='word_1_151' title='bbox 232 1814 431 1876; x_wconf 88' lang='lat' dir='ltr'>utilissimum.</span> <span class='ocrx_word' id='word_1_152' title='bbox 478 1815 538 1876; x_wconf 92' lang='lat' dir='ltr'>sale</span> <span class='ocrx_word' id='word_1_153' title='bbox 563 1818 709 1877; x_wconf 82' lang='lat' dir='ltr'>exinaniri</span> <span class='ocrx_word' id='word_1_154' title='bbox 732 1817 905 1879; x_wconf 88' lang='lat' dir='ltr'>creduntur.</span> 
     </span>
    </p>

    <p class='ocr_par' dir='ltr' id='par_1_14' title="bbox 179 1897 1290 2163">
     <span class='ocr_line' id='line_1_20' title="bbox 179 1897 1253 1986; baseline -0.004 -17"><span class='ocrx_word' id='word_1_155' title='bbox 179 1919 238 1974; x_wconf 49' lang='lat'>168¹</span> <span class='ocrx_word' id='word_1_156' title='bbox 299 1898 358 1966; x_wconf 80' lang='lat'>61.</span> <span class='ocrx_word' id='word_1_157' title='bbox 387 1897 461 1986; x_wconf 84' lang='lat'>(81)</span> <span class='ocrx_word' id='word_1_158' title='bbox 492 1903 651 1967; x_wconf 87' lang='lat' dir='ltr'>Volucrum</span> <span class='ocrx_word' id='word_1_159' title='bbox 682 1906 789 1966; x_wconf 92' lang='lat' dir='ltr'>animal</span> <span class='ocrx_word' id='word_1_160' title='bbox 816 1908 893 1986; x_wconf 88' lang='lat' dir='ltr'>parit</span> <span class='ocrx_word' id='word_1_161' title='bbox 923 1903 1094 1985; x_wconf 87' lang='lat' dir='ltr'>vespertilio</span> <span class='ocrx_word' id='word_1_162' title='bbox 1125 1913 1253 1984; x_wconf 86' lang='lat' dir='ltr'>tantum,</span> 
     </span>
     <span class='ocr_line' id='line_1_21' title="bbox 232 1992 1290 2074; baseline 0.002 -21"><span class='ocrx_word' id='word_1_163' title='bbox 232 1994 287 2054; x_wconf 90' lang='lat' dir='ltr'>cni</span> <span class='ocrx_word' id='word_1_164' title='bbox 304 2000 334 2053; x_wconf 89' lang='lat' dir='ltr'>et</span> <span class='ocrx_word' id='word_1_165' title='bbox 361 1992 602 2055; x_wconf 85' lang='lat' dir='ltr'>membranaceae</span> <span class='ocrx_word' id='word_1_166' title='bbox 630 1997 738 2074; x_wconf 90' lang='lat' dir='ltr'>pinnae</span> <span class='ocrx_word' id='word_1_167' title='bbox 766 1997 827 2056; x_wconf 78' lang='lat' dir='ltr'>anri.</span> <span class='ocrx_word' id='word_1_168' title='bbox 874 1995 976 2056; x_wconf 90' lang='lat' dir='ltr'>eadem</span> <span class='ocrx_word' id='word_1_169' title='bbox 1004 1993 1065 2054; x_wconf 87' lang='lat' dir='ltr'>sola</span> <span class='ocrx_word' id='word_1_170' title='bbox 1093 1994 1252 2055; x_wconf 90' lang='lat' dir='ltr'>volucrum</span> <span class='ocrx_word' id='word_1_171' title='bbox 1266 2007 1290 2045; x_wconf 71' lang='lat'>²⁰</span> 
     </span>
     <span class='ocr_line' id='line_1_22' title="bbox 230 2082 1250 2163; baseline 0 -21"><span class='ocrx_word' id='word_1_172' title='bbox 230 2082 306 2144; x_wconf 90' lang='lat' dir='ltr'>lacte</span> <span class='ocrx_word' id='word_1_173' title='bbox 330 2084 425 2142; x_wconf 89' lang='lat' dir='ltr'>nutrit</span> <span class='ocrx_word' id='word_1_174' title='bbox 448 2082 540 2144; x_wconf 89' lang='lat' dir='ltr'>ubera</span> <span class='ocrx_word' id='word_1_175' title='bbox 564 2083 731 2144; x_wconf 83' lang='lat' dir='ltr'>admovens</span> <span class='ocrx_word' id='word_1_176' title='bbox 775 2101 885 2163; x_wconf 86' lang='lat' dir='ltr'>parens</span> <span class='ocrx_word' id='word_1_177' title='bbox 908 2085 1040 2163; x_wconf 86' lang='lat' dir='ltr'>geminos</span> <span class='ocrx_word' id='word_1_178' title='bbox 1064 2082 1169 2142; x_wconf 89' lang='lat' dir='ltr'>volitat</span> <span class='ocrx_word' id='word_1_179' title='bbox 1191 2101 1250 2142; x_wconf 93' lang='lat' dir='ltr'>am-</span> 
     </span>
    </p>
   </div>
   <div class='ocr_carea' id='block_1_6' title="bbox 230 2171 1250 2252">
    <p class='ocr_par' dir='ltr' id='par_1_15' title="bbox 230 2171 1250 2252">
     <span class='ocr_line' id='line_1_23' title="bbox 230 2171 1250 2252; baseline 0 -22"><span class='ocrx_word' id='word_1_180' title='bbox 230 2171 315 2251; x_wconf 87' lang='lat' dir='ltr'>plexa</span> <span class='ocrx_word' id='word_1_181' title='bbox 347 2172 476 2232; x_wconf 81' lang='lat' dir='ltr'>infantes</span> <span class='ocrx_word' id='word_1_182' title='bbox 514 2189 675 2251; x_wconf 86' lang='lat' dir='ltr'>secumque</span> <span class='ocrx_word' id='word_1_183' title='bbox 711 2180 818 2252; x_wconf 85' lang='lat' dir='ltr'>portat.</span> <span class='ocrx_word' id='word_1_184' title='bbox 879 2173 975 2233; x_wconf 91' lang='lat' dir='ltr'>eidem</span> <span class='ocrx_word' id='word_1_185' title='bbox 1007 2171 1160 2232; x_wconf 69' lang='lat' dir='ltr'>coxendix</span> <span class='ocrx_word' id='word_1_186' title='bbox 1192 2191 1250 2232; x_wconf 87' lang='lat' dir='ltr'>una</span> 
     </span>
    </p>
   </div>
   <div class='ocr_carea' id='block_1_7' title="bbox 180 2259 1285 2606">
    <p class='ocr_par' dir='ltr' id='par_1_16' title="bbox 231 2259 931 2342">
     <span class='ocr_line' id='line_1_24' title="bbox 231 2259 931 2342; baseline 0.001 -22"><span class='ocrx_word' id='word_1_187' title='bbox 231 2259 373 2342; x_wconf 88' lang='lat' dir='ltr'>traditur,</span> <span class='ocrx_word' id='word_1_188' title='bbox 397 2263 480 2321; x_wconf 90' lang='lat' dir='ltr'>etin</span> <span class='ocrx_word' id='word_1_189' title='bbox 505 2259 603 2321; x_wconf 91' lang='lat' dir='ltr'>cibatu</span> <span class='ocrx_word' id='word_1_190' title='bbox 627 2261 738 2322; x_wconf 90' lang='lat' dir='ltr'>culices</span> <span class='ocrx_word' id='word_1_191' title='bbox 761 2263 931 2340; x_wconf 82' lang='lat' dir='ltr'>gratissimi.</span> 
     </span>
    </p>

    <p class='ocr_par' dir='ltr' id='par_1_17' title="bbox 180 2343 1285 2606">
     <span class='ocr_line' id='line_1_25' title="bbox 180 2343 1247 2432; baseline -0.004 -20"><span class='ocrx_word' id='word_1_192' title='bbox 180 2365 229 2415; x_wconf 81' lang='lat' dir='ltr'>tce</span> <span class='ocrx_word' id='word_1_193' title='bbox 298 2343 358 2410; x_wconf 80' lang='grc'>62.</span> <span class='ocrx_word' id='word_1_194' title='bbox 378 2343 452 2432; x_wconf 77' lang='grc'>(82)</span> <span class='ocrx_word' id='word_1_195' title='bbox 471 2348 587 2409; x_wconf 89' lang='lat' dir='ltr'>Rursus</span> <span class='ocrx_word' id='word_1_196' title='bbox 606 2351 638 2408; x_wconf 89' lang='lat' dir='ltr'>in</span> <span class='ocrx_word' id='word_1_197' title='bbox 656 2349 852 2409; x_wconf 89' lang='lat' dir='ltr'>terrestribus</span> <span class='ocrx_word' id='word_1_198' title='bbox 871 2367 925 2409; x_wconf 92' lang='lat' dir='ltr'>ova</span> <span class='ocrx_word' id='word_1_199' title='bbox 943 2351 1064 2428; x_wconf 91' lang='lat' dir='ltr'>pariunt</span> <span class='ocrx_word' id='word_1_200' title='bbox 1082 2356 1247 2428; x_wconf 89' lang='lat' dir='ltr'>serpentes,</span> 
     </span>
     <span class='ocr_line' id='line_1_26' title="bbox 231 2436 1285 2516; baseline -0.001 -19"><span class='ocrx_word' id='word_1_201' title='bbox 231 2438 267 2497; x_wconf 94' lang='lat' dir='ltr'>de</span> <span class='ocrx_word' id='word_1_202' title='bbox 297 2437 406 2515; x_wconf 87' lang='lat' dir='ltr'>quibus</span> <span class='ocrx_word' id='word_1_203' title='bbox 434 2437 567 2497; x_wconf 91' lang='lat' dir='ltr'>nondum</span> <span class='ocrx_word' id='word_1_204' title='bbox 595 2437 708 2500; x_wconf 89' lang='lat' dir='ltr'>dictum</span> <span class='ocrx_word' id='word_1_205' title='bbox 735 2446 789 2498; x_wconf 85' lang='lat' dir='ltr'>est.</span> <span class='ocrx_word' id='word_1_206' title='bbox 840 2445 950 2498; x_wconf 89' lang='lat' dir='ltr'>coeunt</span> <span class='ocrx_word' id='word_1_207' title='bbox 973 2436 1144 2516; x_wconf 84' lang='lat' dir='ltr'>complexu,</span> <span class='ocrx_word' id='word_1_208' title='bbox 1176 2438 1246 2497; x_wconf 88' lang='lat' dir='ltr'>adeo</span> <span class='ocrx_word' id='word_1_209' title='bbox 1263 2449 1285 2487; x_wconf 73' lang='lat'>²⁵</span> 
     </span>
     <span class='ocr_line' id='line_1_27' title="bbox 231 2524 1245 2606; baseline 0 -22"><span class='ocrx_word' id='word_1_210' title='bbox 231 2524 461 2585; x_wconf 87' lang='lat' dir='ltr'>circumvolutae</span> <span class='ocrx_word' id='word_1_211' title='bbox 491 2525 547 2586; x_wconf 89' lang='lat' dir='ltr'>sibi</span> <span class='ocrx_word' id='word_1_212' title='bbox 574 2528 655 2606; x_wconf 91' lang='lat' dir='ltr'>ipsae</span> <span class='ocrx_word' id='word_1_213' title='bbox 684 2534 717 2587; x_wconf 93' lang='lat' dir='ltr'>ut</span> <span class='ocrx_word' id='word_1_214' title='bbox 744 2543 802 2586; x_wconf 90' lang='lat' dir='ltr'>una</span> <span class='ocrx_word' id='word_1_215' title='bbox 831 2528 993 2587; x_wconf 81' lang='lat' dir='ltr'>existinrari</span> <span class='ocrx_word' id='word_1_216' title='bbox 1015 2525 1118 2604; x_wconf 89' lang='lat' dir='ltr'>biceps</span> <span class='ocrx_word' id='word_1_217' title='bbox 1144 2528 1245 2604; x_wconf 89' lang='lat' dir='ltr'>possit.</span> 
     </span>
    </p>
   </div>
   <div class='ocr_carea' id='block_1_8' title="bbox 231 2613 1295 2695">
    <p class='ocr_par' dir='ltr' id='par_1_18' title="bbox 231 2613 1295 2695">
     <span class='ocr_line' id='line_1_28' title="bbox 231 2613 1295 2695; baseline 0.001 -24"><span class='ocrx_word' id='word_1_218' title='bbox 231 2614 349 2693; x_wconf 86' lang='lat' dir='ltr'>viperae</span> <span class='ocrx_word' id='word_1_219' title='bbox 378 2631 441 2672; x_wconf 91' lang='lat' dir='ltr'>mas</span> <span class='ocrx_word' id='word_1_220' title='bbox 469 2621 558 2693; x_wconf 91' lang='lat' dir='ltr'>capnt</span> <span class='ocrx_word' id='word_1_221' title='bbox 585 2617 691 2676; x_wconf 88' lang='lat' dir='ltr'>inserit</span> <span class='ocrx_word' id='word_1_222' title='bbox 717 2617 748 2674; x_wconf 94' lang='lat' dir='ltr'>in</span> <span class='ocrx_word' id='word_1_223' title='bbox 776 2633 823 2695; x_wconf 92' lang='lat' dir='ltr'>os,</span> <span class='ocrx_word' id='word_1_224' title='bbox 856 2614 936 2692; x_wconf 90' lang='lat' dir='ltr'>quod</span> <span class='ocrx_word' id='word_1_225' title='bbox 968 2614 1016 2674; x_wconf 90' lang='lat' dir='ltr'>illa</span> <span class='ocrx_word' id='word_1_226' title='bbox 1048 2613 1168 2674; x_wconf 87' lang='lat' dir='ltr'>abrodit</span> <span class='ocrx_word' id='word_1_227' title='bbox 1200 2633 1244 2672; x_wconf 88' lang='lat' dir='ltr'>vc·</span> <span class='ocrx_word' id='word_1_228' title='bbox 1294 2633 1295 2692; x_wconf 82' lang='lat'>}</span> 
     </span>
    </p>
   </div>
   <div class='ocr_carea' id='block_1_9' title="bbox 179 2699 1246 2782">
    <p class='ocr_par' dir='ltr' id='par_1_19' title="bbox 179 2699 1246 2782">
     <span class='ocr_line' id='line_1_29' title="bbox 179 2699 1246 2782; baseline -0.005 -16"><span class='ocrx_word' id='word_1_229' title='bbox 179 2718 230 2767; x_wconf 79' lang='lat'>170</span> <span class='ocrx_word' id='word_1_230' title='bbox 240 2701 362 2781; x_wconf 87' lang='lat' dir='ltr'>luptatis</span> <span class='ocrx_word' id='word_1_231' title='bbox 381 2699 546 2763; x_wconf 88' lang='lat' dir='ltr'>dulcedine.</span> <span class='ocrx_word' id='word_1_232' title='bbox 593 2705 781 2764; x_wconf 88' lang='lat' dir='ltr'>terrestrium</span> <span class='ocrx_word' id='word_1_233' title='bbox 801 2703 903 2764; x_wconf 89' lang='lat' dir='ltr'>eadem</span> <span class='ocrx_word' id='word_1_234' title='bbox 923 2703 984 2762; x_wconf 87' lang='lat' dir='ltr'>sola</span> <span class='ocrx_word' id='word_1_235' title='bbox 1007 2705 1085 2763; x_wconf 88' lang='lat' dir='ltr'>intra</span> <span class='ocrx_word' id='word_1_236' title='bbox 1109 2721 1141 2762; x_wconf 88' lang='lat' dir='ltr'>se</span> <span class='ocrx_word' id='word_1_237' title='bbox 1171 2705 1246 2782; x_wconf 86' lang='lat' dir='ltr'>parit</span> 
     </span>
    </p>
   </div>
   <div class='ocr_carea' id='block_1_10' title="bbox 232 2841 445 2851">
    <p class='ocr_par' dir='ltr' id='par_1_20' title="bbox 232 2841 445 2851">
     <span class='ocr_line' id='line_1_30' title="bbox 232 2841 445 2851; baseline 0.005 -3"><span class='ocrx_word' id='word_1_238' title='bbox 232 2841 445 2851; x_wconf 50' lang='grc' dir='ltr'>...ο-*ψ-</span> 
     </span>
    </p>
   </div>
   <div class='ocr_carea' id='block_1_11' title="bbox 232 2907 1247 3049">
    <p class='ocr_par' dir='ltr' id='par_1_21' title="bbox 232 2907 1247 3049">
     <span class='ocr_line' id='line_1_31' title="bbox 304 2907 1246 2978; baseline 0.001 -19"><span class='ocrx_word' id='word_1_239' title='bbox 304 2913 317 2959; x_wconf 96' lang='grc'>1</span> <span class='ocrx_word' id='word_1_240' title='bbox 337 2907 423 2960; x_wconf 74' lang='lat' dir='ltr'>is-i</span> <span class='ocrx_word' id='word_1_241' title='bbox 439 2911 589 2976; x_wconf 77' lang='lat' dir='ltr'>quaternos</span> <span class='ocrx_word' id='word_1_242' title='bbox 603 2909 796 2962; x_wconf 76' lang='lat' dir='ltr'>cm.1)1¹¹lted</span> <span class='ocrx_word' id='word_1_243' title='bbox 810 2908 849 2978; x_wconf 80' lang='grc' dir='ltr'>((1ι</span> <span class='ocrx_word' id='word_1_244' title='bbox 863 2910 945 2962; x_wconf 83' lang='lat' dir='ltr'>ctiam</span> <span class='ocrx_word' id='word_1_245' title='bbox 960 2910 1077 2974; x_wconf 82' lang='lat' dir='ltr'>corvus).</span> <span class='ocrx_word' id='word_1_246' title='bbox 1134 2914 1147 2960; x_wconf 88' lang='lat'>1</span> <span class='ocrx_word' id='word_1_247' title='bbox 1166 2923 1246 2976; x_wconf 83' lang='lat' dir='ltr'>aego-</span> 
     </span>
     <span class='ocr_line' id='line_1_32' title="bbox 232 2979 1247 3049; baseline 0 -17"><span class='ocrx_word' id='word_1_248' title='bbox 232 2979 285 3035; x_wconf 87' lang='lat' dir='ltr'>lios</span> <span class='ocrx_word' id='word_1_249' title='bbox 307 2994 332 3033; x_wconf 75' lang='grc' dir='ltr'>υ.</span> <span class='ocrx_word' id='word_1_250' title='bbox 365 2996 445 3034; x_wconf 85' lang='lat' dir='ltr'>-onos</span> <span class='ocrx_word' id='word_1_251' title='bbox 468 2979 513 3033; x_wconf 67' lang='lat'>122.</span> <span class='ocrx_word' id='word_1_252' title='bbox 551 2996 645 3035; x_wconf 84' lang='lat' dir='ltr'>-orncs</span> <span class='ocrx_word' id='word_1_253' title='bbox 669 2980 710 3034; x_wconf 63' lang='grc' dir='ltr'>Ρ.</span> <span class='ocrx_word' id='word_1_254' title='bbox 752 2996 857 3049; x_wconf 82' lang='lat' dir='ltr'>egonus</span> <span class='ocrx_word' id='word_1_255' title='bbox 880 2983 929 3032; x_wconf 81' lang='lat' dir='ltr'>ar.</span> <span class='ocrx_word' id='word_1_256' title='bbox 966 2979 1053 3033; x_wconf 80' lang='lat' dir='ltr'>Arist.</span> <span class='ocrx_word' id='word_1_257' title='bbox 1077 2980 1102 3032; x_wconf 85' lang='lat' dir='ltr'>h.</span> <span class='ocrx_word' id='word_1_258' title='bbox 1126 2997 1152 3034; x_wconf 84' lang='lat' dir='ltr'>a.</span> <span class='ocrx_word' id='word_1_259' title='bbox 1179 2981 1247 3032; x_wconf 79' lang='lat' dir='ltr'>Vlo</span> 
     </span>
    </p>
   </div>
   <div class='ocr_carea' id='block_1_12' title="bbox 227 3049 1295 3119">
    <p class='ocr_par' dir='ltr' id='par_1_22' title="bbox 227 3049 1295 3119">
     <span class='ocr_line' id='line_1_33' title="bbox 227 3049 1295 3119; baseline 0 -15"><span class='ocrx_word' id='word_1_260' title='bbox 227 3068 257 3117; x_wconf 81' lang='lat' dir='ltr'>p.</span> <span class='ocrx_word' id='word_1_261' title='bbox 269 3053 324 3104; x_wconf 82' lang='lat'>563</span> <span class='ocrx_word' id='word_1_262' title='bbox 334 3049 371 3116; x_wconf 81' lang='lat' dir='ltr'>A,</span> <span class='ocrx_word' id='word_1_263' title='bbox 385 3055 419 3104; x_wconf 86' lang='lat'>31</span> <span class='ocrx_word' id='word_1_264' title='bbox 440 3052 455 3104; x_wconf 87' lang='grc' dir='ltr'>ὁ</span> <span class='ocrx_word' id='word_1_265' title='bbox 471 3052 496 3104; x_wconf 84' lang='grc' dir='ltr'>δ’</span> <span class='ocrx_word' id='word_1_266' title='bbox 514 3049 649 3119; x_wconf 81' lang='grc' dir='ltr'>αἰτώλιοε,</span> <span class='ocrx_word' id='word_1_267' title='bbox 668 3051 714 3106; x_wconf 86' lang='lat' dir='ltr'>sed</span> <span class='ocrx_word' id='word_1_268' title='bbox 732 3052 793 3105; x_wconf 85' lang='grc' dir='ltr'>ὁδὲ</span> <span class='ocrx_word' id='word_1_269' title='bbox 807 3050 909 3116; x_wconf 60' lang='lat' dir='ltr'>adlice</span> <span class='ocrx_word' id='word_1_270' title='bbox 922 3051 979 3106; x_wconf 85' lang='lat' dir='ltr'>cod.</span> <span class='ocrx_word' id='word_1_271' title='bbox 995 3049 1030 3118; x_wconf 89' lang='lat' dir='ltr'>P,</span> <span class='ocrx_word' id='word_1_272' title='bbox 1049 3051 1106 3104; x_wconf 85' lang='grc' dir='ltr'>ὁδ’</span> <span class='ocrx_word' id='word_1_273' title='bbox 1119 3049 1248 3115; x_wconf 79' lang='grc' dir='ltr'>αἰγώλιο(</span> <span class='ocrx_word' id='word_1_274' title='bbox 1294 3087 1295 3104; x_wconf 52' lang='lat' dir='ltr'>t</span> 
     </span>
    </p>
   </div>
   <div class='ocr_carea' id='block_1_13' title="bbox 231 3121 1294 3339">
    <p class='ocr_par' dir='ltr' id='par_1_23' title="bbox 231 3121 1294 3339">
     <span class='ocr_line' id='line_1_34' title="bbox 231 3121 1294 3191; baseline 0 -17"><span class='ocrx_word' id='word_1_275' title='bbox 231 3121 413 3176; x_wconf 81' lang='lat' dir='ltr'>Boaccmobcr</span> <span class='ocrx_word' id='word_1_276' title='bbox 430 3127 456 3176; x_wconf 86' lang='lat' dir='ltr'>ct</span> <span class='ocrx_word' id='word_1_277' title='bbox 471 3121 608 3176; x_wconf 79' lang='lat' dir='ltr'>Ptbbolos.</span> <span class='ocrx_word' id='word_1_278' title='bbox 681 3121 858 3191; x_wconf 77' lang='lat' dir='ltr'>binaqualia</span> <span class='ocrx_word' id='word_1_279' title='bbox 872 3140 889 3173; x_wconf 73' lang='lat' dir='ltr'>a</span> <span class='ocrx_word' id='word_1_280' title='bbox 907 3122 967 3176; x_wconf 82' lang='lat' dir='ltr'>cdd.</span> <span class='ocrx_word' id='word_1_281' title='bbox 980 3126 1041 3176; x_wconf 82' lang='lat' dir='ltr'>cett.</span> <span class='ocrx_word' id='word_1_282' title='bbox 1064 3137 1117 3176; x_wconf 89' lang='lat' dir='ltr'>nec</span> <span class='ocrx_word' id='word_1_283' title='bbox 1131 3121 1190 3174; x_wconf 86' lang='lat' dir='ltr'>alia</span> <span class='ocrx_word' id='word_1_284' title='bbox 1202 3137 1224 3175; x_wconf 83' lang='lat' dir='ltr'>r.</span> <span class='ocrx_word' id='word_1_285' title='bbox 1293 3149 1294 3154; x_wconf 20' lang='grc' dir='ltr'><strong><em>κ</em></strong></span> 
     </span>
     <span class='ocr_line' id='line_1_35' title="bbox 232 3191 1247 3264; baseline -0.001 -20"><span class='ocrx_word' id='word_1_286' title='bbox 232 3191 326 3260; x_wconf 87' lang='lat' dir='ltr'>plures</span> <span class='ocrx_word' id='word_1_287' title='bbox 339 3193 416 3247; x_wconf 79' lang='lat' dir='ltr'>codd.</span> <span class='ocrx_word' id='word_1_288' title='bbox 431 3192 489 3248; x_wconf 74' lang='lat' dir='ltr'>Get.</span> <span class='ocrx_word' id='word_1_289' title='bbox 513 3191 542 3246; x_wconf 89' lang='lat' dir='ltr'>in</span> <span class='ocrx_word' id='word_1_290' title='bbox 556 3193 646 3264; x_wconf 87' lang='lat' dir='ltr'>pluris</span> <span class='ocrx_word' id='word_1_291' title='bbox 660 3211 684 3246; x_wconf 76' lang='grc' dir='ltr'>ι.</span> <span class='ocrx_word' id='word_1_292' title='bbox 707 3193 737 3247; x_wconf 87' lang='lat' dir='ltr'>in</span> <span class='ocrx_word' id='word_1_293' title='bbox 752 3209 793 3247; x_wconf 83' lang='lat' dir='ltr'>·es</span> <span class='ocrx_word' id='word_1_294' title='bbox 807 3209 830 3246; x_wconf 82' lang='lat' dir='ltr'>r.</span> <span class='ocrx_word' id='word_1_295' title='bbox 851 3194 855 3260; x_wconf 90' lang='grc' dir='ltr'>Ι</span> <span class='ocrx_word' id='word_1_296' title='bbox 875 3193 956 3246; x_wconf 76' lang='lat' dir='ltr'>tanta</span> <span class='ocrx_word' id='word_1_297' title='bbox 973 3192 1050 3246; x_wconf 63' lang='grc' dir='ltr'>ΙΨ.</span> <span class='ocrx_word' id='word_1_298' title='bbox 1128 3198 1144 3246; x_wconf 89' lang='grc'><strong>6</strong></span> <span class='ocrx_word' id='word_1_299' title='bbox 1163 3191 1247 3261; x_wconf 89' lang='lat' dir='ltr'>pullis</span> 
     </span>
     <span class='ocr_line' id='line_1_36' title="bbox 232 3261 1248 3339; baseline 0.001 -25"><span class='ocrx_word' id='word_1_300' title='bbox 232 3262 336 3316; x_wconf 65' lang='grc' dir='ltr'>ΜΨ.</span> <span class='ocrx_word' id='word_1_301' title='bbox 369 3263 404 3316; x_wconf 85' lang='lat' dir='ltr'>-li</span> <span class='ocrx_word' id='word_1_302' title='bbox 422 3266 487 3318; x_wconf 77' lang='lat' dir='ltr'>sunt</span> <span class='ocrx_word' id='word_1_303' title='bbox 504 3263 546 3317; x_wconf 76' lang='lat'>1¹².</span> <span class='ocrx_word' id='word_1_304' title='bbox 642 3270 676 3318; x_wconf 82' lang='lat'>14</span> <span class='ocrx_word' id='word_1_305' title='bbox 698 3262 879 3318; x_wconf 47' lang='lat' dir='ltr'>urinaria?</span> <span class='ocrx_word' id='word_1_306' title='bbox 912 3263 1173 3339; x_wconf 18' lang='lat' dir='ltr'>haecneeddardc</span> <span class='ocrx_word' id='word_1_307' title='bbox 1187 3261 1248 3317; x_wconf 75' lang='lat' dir='ltr'>sill.</span> 
     </span>
    </p>
   </div>
   <div class='ocr_carea' id='block_1_14' title="bbox 231 3333 1249 3690">
    <p class='ocr_par' dir='ltr' id='par_1_24' title="bbox 231 3333 1249 3690">
     <span class='ocr_line' id='line_1_37' title="bbox 231 3333 1247 3420; baseline -0.002 -16"><span class='ocrx_word' id='word_1_308' title='bbox 231 3333 288 3405; x_wconf 80' lang='lat' dir='ltr'>rld.</span> <span class='ocrx_word' id='word_1_309' title='bbox 316 3351 346 3405; x_wconf 86' lang='lat' dir='ltr'>in</span> <span class='ocrx_word' id='word_1_310' title='bbox 360 3369 383 3406; x_wconf 84' lang='lat' dir='ltr'>r.</span> <span class='ocrx_word' id='word_1_311' title='bbox 400 3353 404 3420; x_wconf 92' lang='grc' dir='ltr'>Ι</span> <span class='ocrx_word' id='word_1_312' title='bbox 420 3353 502 3406; x_wconf 86' lang='lat' dir='ltr'>urina</span> <span class='ocrx_word' id='word_1_313' title='bbox 519 3353 591 3406; x_wconf 84' lang='lat' dir='ltr'>fiunt</span> <span class='ocrx_word' id='word_1_314' title='bbox 608 3353 668 3416; x_wconf 65' lang='lat' dir='ltr'>edd.</span> <span class='ocrx_word' id='word_1_315' title='bbox 683 3353 852 3408; x_wconf 75' lang='lat' dir='ltr'>antcHard</span> <span class='ocrx_word' id='word_1_316' title='bbox 925 3359 958 3407; x_wconf 78' lang='lat'>17</span> <span class='ocrx_word' id='word_1_317' title='bbox 977 3354 1006 3406; x_wconf 91' lang='lat' dir='ltr'>in</span> <span class='ocrx_word' id='word_1_318' title='bbox 1024 3350 1177 3406; x_wconf 67' lang='lat' dir='ltr'>numanus</span> <span class='ocrx_word' id='word_1_319' title='bbox 1194 3353 1247 3403; x_wconf 82' lang='lat' dir='ltr'>av.</span> 
     </span>
     <span class='ocr_line' id='line_1_38' title="bbox 231 3421 1247 3479; baseline -0.004 -1"><span class='ocrx_word' id='word_1_320' title='bbox 231 3421 298 3478; x_wconf 84' lang='lat' dir='ltr'>furf-</span> <span class='ocrx_word' id='word_1_321' title='bbox 317 3439 341 3477; x_wconf 85' lang='lat' dir='ltr'>r.</span> <span class='ocrx_word' id='word_1_322' title='bbox 433 3429 465 3478; x_wconf 83' lang='lat'>19</span> <span class='ocrx_word' id='word_1_323' title='bbox 485 3425 596 3477; x_wconf 83' lang='lat' dir='ltr'>tantum</span> <span class='ocrx_word' id='word_1_324' title='bbox 614 3422 677 3477; x_wconf 61' lang='lat' dir='ltr'>ric.</span> <span class='ocrx_word' id='word_1_325' title='bbox 709 3424 739 3478; x_wconf 87' lang='lat' dir='ltr'>in</span> <span class='ocrx_word' id='word_1_326' title='bbox 757 3426 830 3479; x_wconf 81' lang='lat' dir='ltr'>tant-</span> <span class='ocrx_word' id='word_1_327' title='bbox 849 3440 872 3476; x_wconf 77' lang='lat' dir='ltr'>r;</span> <span class='ocrx_word' id='word_1_328' title='bbox 963 3429 997 3477; x_wconf 80' lang='lat'>20</span> <span class='ocrx_word' id='word_1_329' title='bbox 1017 3421 1247 3476; x_wconf 83' lang='lat' dir='ltr'>membranaceae</span> 
     </span>
     <span class='ocr_line' id='line_1_39' title="bbox 231 3491 1248 3564; baseline 0.001 -20"><span class='ocrx_word' id='word_1_330' title='bbox 231 3491 322 3547; x_wconf 56' lang='grc' dir='ltr'>ΡΜ.</span> <span class='ocrx_word' id='word_1_331' title='bbox 351 3509 413 3548; x_wconf 90' lang='lat' dir='ltr'>-cae</span> <span class='ocrx_word' id='word_1_332' title='bbox 427 3493 531 3548; x_wconf 62' lang='grc' dir='ltr'>ΜΨ.</span> <span class='ocrx_word' id='word_1_333' title='bbox 556 3510 606 3548; x_wconf 87' lang='lat' dir='ltr'>-na</span> <span class='ocrx_word' id='word_1_334' title='bbox 619 3509 672 3548; x_wconf 90' lang='lat' dir='ltr'>ceu</span> <span class='ocrx_word' id='word_1_335' title='bbox 685 3494 723 3551; x_wconf 51' lang='grc' dir='ltr'>αἱ</span> <span class='ocrx_word' id='word_1_336' title='bbox 744 3497 748 3562; x_wconf 85' lang='grc' dir='ltr'>Ι</span> <span class='ocrx_word' id='word_1_337' title='bbox 768 3510 877 3564; x_wconf 88' lang='lat' dir='ltr'>pennae</span> <span class='ocrx_word' id='word_1_338' title='bbox 892 3493 951 3548; x_wconf 62' lang='lat' dir='ltr'>ald.</span> <span class='ocrx_word' id='word_1_339' title='bbox 969 3508 1070 3562; x_wconf 86' lang='lat' dir='ltr'>pemnc</span> <span class='ocrx_word' id='word_1_340' title='bbox 1088 3491 1153 3545; x_wconf 64' lang='lat'>1³⁸¹.</span> <span class='ocrx_word' id='word_1_341' title='bbox 1175 3492 1179 3559; x_wconf 79' lang='lat' dir='ltr'>l</span> <span class='ocrx_word' id='word_1_342' title='bbox 1200 3509 1248 3545; x_wconf 87' lang='lat' dir='ltr'>um</span> 
     </span>
     <span class='ocr_line' id='line_1_40' title="bbox 233 3561 1249 3632; baseline 0 -16"><span class='ocrx_word' id='word_1_343' title='bbox 233 3563 269 3616; x_wconf 62' lang='lat' dir='ltr'>ab</span> <span class='ocrx_word' id='word_1_344' title='bbox 296 3564 380 3618; x_wconf 84' lang='lat' dir='ltr'>uuir.</span> <span class='ocrx_word' id='word_1_345' title='bbox 407 3566 457 3631; x_wconf 81' lang='lat' dir='ltr'>cfr.</span> <span class='ocrx_word' id='word_1_346' title='bbox 471 3579 532 3619; x_wconf 82' lang='lat' dir='ltr'>noo.</span> <span class='ocrx_word' id='word_1_347' title='bbox 547 3565 601 3618; x_wconf 79' lang='lat' dir='ltr'>luc.</span> <span class='ocrx_word' id='word_1_348' title='bbox 610 3582 642 3632; x_wconf 80' lang='lat' dir='ltr'>p.</span> <span class='ocrx_word' id='word_1_349' title='bbox 652 3569 698 3620; x_wconf 85' lang='lat'>85.</span> <span class='ocrx_word' id='word_1_350' title='bbox 771 3571 804 3618; x_wconf 79' lang='lat' dir='ltr'>at</span> <span class='ocrx_word' id='word_1_351' title='bbox 820 3565 1110 3620; x_wconf 77' lang='lat' dir='ltr'>admouensllecorr.</span> <span class='ocrx_word' id='word_1_352' title='bbox 1125 3561 1163 3614; x_wconf 65' lang='grc' dir='ltr'>ι’.</span> <span class='ocrx_word' id='word_1_353' title='bbox 1188 3564 1249 3616; x_wconf 79' lang='lat' dir='ltr'>-uet</span> 
     </span>
     <span class='ocr_line' id='line_1_41' title="bbox 233 3632 1245 3690; baseline 0 -4"><span class='ocrx_word' id='word_1_354' title='bbox 233 3638 257 3687; x_wconf 85' lang='lat' dir='ltr'>d.</span> <span class='ocrx_word' id='word_1_355' title='bbox 286 3635 340 3688; x_wconf 81' lang='lat' dir='ltr'>-uib</span> <span class='ocrx_word' id='word_1_356' title='bbox 358 3653 380 3690; x_wconf 87' lang='lat' dir='ltr'>r.</span> <span class='ocrx_word' id='word_1_357' title='bbox 459 3640 493 3689; x_wconf 76' lang='lat'>22</span> <span class='ocrx_word' id='word_1_358' title='bbox 514 3635 649 3690; x_wconf 85' lang='lat' dir='ltr'>coxendix</span> <span class='ocrx_word' id='word_1_359' title='bbox 666 3651 691 3688; x_wconf 84' lang='lat' dir='ltr'>o.</span> <span class='ocrx_word' id='word_1_360' title='bbox 719 3635 774 3690; x_wconf 88' lang='lat' dir='ltr'>-dis</span> <span class='ocrx_word' id='word_1_361' title='bbox 793 3637 821 3690; x_wconf 87' lang='lat' dir='ltr'>ll.</span> <span class='ocrx_word' id='word_1_362' title='bbox 898 3642 931 3690; x_wconf 77' lang='lat'>25</span> <span class='ocrx_word' id='word_1_363' title='bbox 952 3636 995 3689; x_wconf 78' lang='lat' dir='ltr'>est</span> <span class='ocrx_word' id='word_1_364' title='bbox 1011 3635 1051 3688; x_wconf 84' lang='lat' dir='ltr'>cd.</span> <span class='ocrx_word' id='word_1_365' title='bbox 1065 3633 1138 3688; x_wconf 77' lang='lat' dir='ltr'>Boc.</span> <span class='ocrx_word' id='word_1_366' title='bbox 1161 3632 1201 3686; x_wconf 83' lang='lat' dir='ltr'>sil</span> <span class='ocrx_word' id='word_1_367' title='bbox 1217 3634 1245 3687; x_wconf 87' lang='lat' dir='ltr'>ll.</span> 
     </span>
    </p>
   </div>
   <div class='ocr_carea' id='block_1_15' title="bbox 0 0 1305 3960">
    <p class='ocr_par' dir='ltr' id='par_1_25' title="bbox 0 0 1305 3960">
     <span class='ocr_line' id='line_1_42' title="bbox 0 0 1305 3960; baseline 0 0"><span class='ocrx_word' id='word_1_368' title='bbox 0 0 1305 3960; x_wconf 95' lang='lat' dir='ltr'> </span> 
     </span>
    </p>
   </div>
  </div>
 </body>
</html>
