2594 3960
217 135 279 200 178
567 133 596 188 C.
615 133 715 190 PLINI
733 133 890 190 sncnnnt

214 283 359 345 anniculis
377 285 409 343 in
428 283 504 344 ebur
526 284 764 364 transfiguratur,
783 283 934 344 dumtaxat
957 281 1113 344 maribus,
1148 279 1234 342 turdis
1284 291 1285 300 ’

214 372 296 434 color
319 379 431 432 aestate
454 373 534 432 cirea
557 374 704 434 cervicem
727 373 839 451 verina,
862 369 959 431 hieme
983 369 1148 432 concolor.

160 469 193 519 81
281 453 355 543 (43)
383 459 531 522 Lusciniis
555 459 660 522 diebus
688 479 721 520 ac
748 459 887 520 noctibus
915 460 1075 520 continuis
1101 473 1153 520 xv
1181 475 1236 536 gar·

213 548 298 610 rulus
317 551 381 610 sine
399 550 571 610 intermissu
590 556 695 610 cantus
714 548 856 610 densante
875 567 908 608 se
922 548 1084 608 frondium
1099 549 1238 626 germine,
1284 571 1285 612 r

213 655 273 698 non
295 638 328 698 in
350 639 544 698 novissimum
567 637 654 716 digna
677 638 786 698 miratu
809 655 870 697 are.
915 638 1052 716 primum
1079 644 1166 697 tanta
1188 649 1257 694 voss
1284 637 1285 640 ’

213 733 274 786 tem
299 743 390 804 parvo
417 727 449 785 in
477 724 669 806 corpusculo,
701 733 761 785 tam
788 727 924 804 pertinax
952 727 1101 805 spiritns3
1137 721 1237 786 deinde

212 815 245 874 in
267 831 326 873 una
349 813 481 892 perlecta
504 816 618 874 musica
641 815 776 874 scientia:
812 805 981 874 modulatus
1009 814 1124 874 editur
1152 827 1238 872 sonus

145 925 148 930 ’
214 908 244 962 et
262 919 342 962 nunc
361 903 504 962 continuo
522 904 630 980 spiritu
649 902 779 963 trahitur
796 903 827 963 in
845 901 976 984 longum,
999 921 1090 964 nunc
1111 903 1238 962 variatur

159 997 194 1048 82
212 989 332 1071 inflexo,
354 1008 434 1050 nuno
458 989 652 1069 distinguitur
675 991 808 1071 conciso,
832 990 988 1070 copulatur
1010 994 1153 1071 intorto,
1175 1003 1238 1068 pro·
1283 975 1284 1052 l

212 1080 342 1142 mittitur
371 1085 524 1158 revocato,
556 1079 723 1140 infuscatur
753 1096 791 1140 ex
819 1081 984 1160 inopinato,
1016 1079 1184 1140 interdum
1213 1082 1270 1134 etn

213 1184 316 1228 seeum
345 1168 409 1246 ipso
440 1174 623 1248 murmurat,
652 1166 775 1248 plenus,
809 1169 922 1249 gravis,
956 1175 1086 1250 acutus,
1126 1164 1239 1243 creber,

213 1262 362 1335 extentus,
388 1252 440 1316 uhi
460 1257 557 1316 visum
581 1263 640 1336 est,
662 1255 795 1337 vibrans,
818 1273 965 1338 summus,
988 1257 1131 1337 medius,
1155 1257 1237 1316 imus.

212 1342 403 1421 breviterque
431 1345 529 1403 omnia
552 1351 613 1404 tam
635 1343 766 1423 parvulis
790 1347 821 1406 in
844 1343 982 1405 lancibus
1005 1363 1087 1424 quae
1113 1351 1162 1405 tot
1191 1359 1235 1403 ex·

213 1431 331 1510 quisitis
358 1430 499 1492 tibiarum
529 1435 688 1493 tormentis
716 1450 765 1492 ars
792 1432 947 1494 hominum
974 1436 1178 1513 excogitavit,
1207 1435 1237 1488 ut

212 1537 273 1578 non
301 1520 341 1578 sit
367 1518 492 1589 dubium
514 1519 591 1580 hano
618 1520 794 1583 suavitatem
819 1529 1096 1601 praemonstratam
1125 1518 1235 1582 efficaci
1248 1533 1266 1574 n

213 1608 359 1687 auspicio,
386 1625 455 1668 cum
482 1608 514 1667 in
541 1626 594 1668 ore
623 1608 789 1670 Stesichori
816 1611 1088 1672 cecinit-infantis.
1138 1627 1173 1670 ae
1200 1624 1234 1667 ne

213 1695 281 1774 quis
303 1693 420 1756 dubitet
443 1698 515 1756 artis
538 1714 619 1778 esse,
646 1697 749 1777 plures
777 1699 901 1778 singulis
929 1707 999 1760 sunt
1027 1707 1155 1779 cantus,
1183 1713 1234 1756 nec

160 1793 193 1840 83
212 1781 303 1844 iidem
326 1781 473 1864 omatibus,
496 1784 549 1844 sed
572 1786 620 1846 sui
642 1788 759 1865 cuique.
789 1785 921 1848 ‘certant
943 1789 1023 1849 inter
1046 1807 1097 1871 se,
1125 1785 1231 1868 palam-

213 1887 272 1950 que
294 1873 426 1932 animosa
449 1875 601 1934 contentio
625 1881 680 1934 est.
720 1876 797 1936 victa
820 1883 916 1936 morte
939 1877 1005 1936 finit
1027 1895 1122 1957 saepe
1147 1876 1231 1936 vitam

109 2023 130 2046 ,Δ
213 1961 321 2039 spiritu
347 1963 432 2040 prius
461 1961 618 2023 deficiente
644 1981 733 2041 quam
762 1970 859 2024 cantu.
909 1965 1104 2039 meditantur·
1131 1957 1260 2042 [aliaeln

212 2051 382 2110 iuveniores
400 2068 565 2129 versusque
584 2069 659 2129 quos
677 2053 833 2112 imitentur
851 2055 1010 2131 accipiunt.
1039 2054 1127 2114 audit
1147 2051 1228 2113 disci·

211 2136 283 2217 pula
305 2138 469 2200 intentione
492 2157 600 2219 magna
622 2147 653 2201 et
675 2139 774 2218 reddit
800 2140 976 2220 vicibusque
1001 2144 1145 2204 reticent.
1189 2141 1228 2198 in·

212 2225 363 2306 tellegitur
386 2228 558 2289 emendatae
584 2229 733 2307 correptio
757 2230 841 2288 etin
865 2230 991 2291 docente
1014 2231 1163 2310 quaedam
1186 2243 1227 2286 re·

158 2315 381 2394 reprehensio.
433 2335 503 2396 ergo
534 2334 690 2378 servorum
719 2315 777 2377 illis
806 2321 903 2397 pretia
933 2325 1015 2400 sunt,
1047 2328 1079 2381 et
1111 2316 1228 2398 quidem

212 2401 354 2482 ampliora
367 2421 456 2482 quam
472 2404 581 2483 quibus
600 2405 671 2467 olim
684 2407 824 2485 armigeri
837 2407 1026 2486 parabantur.
1048 2411 1112 2470 scio
1127 2405 1176 2468 HS
1191 2400 1227 2469 ἢ
1237 2416 1257 2458 ²⁵

212 2491 366 2552 candidam
395 2490 540 2574 alioquin,-
572 2495 653 2572 quod
682 2501 729 2556 est
758 2512 851 2574 prope
880 2497 1080 2580 invisitatum,
1113 2496 1227 2558 venisse

212 2596 288 2657 quae
319 2579 498 2658 Agrippinae
526 2580 629 2643 Claudi
659 2584 804 2663 principis
836 2586 956 2664 coniugi
988 2583 1065 2648 dono
1098 2586 1224 2647 daretur.

212 2669 308 2728 visum
325 2669 384 2750 iam
403 2683 491 2747 saepe
509 2671 606 2732 iussas
625 2689 732 2732 canere
752 2673 897 2751 coepisse
910 2680 941 2733 et
963 2692 1031 2734 cum
1046 2670 1226 2754 symphonia

122 2827 124 2831 ,
212 2753 383 2836 alternasse,
407 2757 485 2820 sicut
502 2756 638 2820 homines
657 2767 793 2840 repertos
812 2763 865 2838 qui
884 2779 990 2822 sonum
1009 2781 1112 2824 earum
1132 2759 1224 2824 addita

211 2844 243 2901 in
270 2849 456 2906 transversas
482 2842 665 2910 harundines
689 2865 769 2927 aqua
798 2849 931 2910 toramen
960 2853 1142 2930 inspirantes
1173 2848 1256 2908 lin-n

212 2947 322 3009 guaeve
350 2949 440 3010 parva
467 2933 564 3015 aliqua
591 2939 728 3017 opposita
760 2955 843 3000 mora
874 2938 1036 3000 indiscreta
1066 2940 1224 3002 redderent

214 3172 219 3181 .
284 3104 450 3174 tristego.
524 3111 593 3161 9.10
611 3107 750 3178 promitur
767 3113 798 3162 B.
872 3110 1083 3164 latescente.
1139 3107 1221 3166 1314

210 3189 241 3224 m
259 3174 403 3241 exquisitis
421 3175 468 3230 3².
560 3183 602 3232 14.
618 3183 651 3233 15
670 3181 703 3232 nt
723 3193 781 3234 non
803 3178 840 3233 sit
856 3184 907 3234 rs.
943 3197 1001 3234 non
1023 3179 1062 3234 sit
1083 3181 1157 3235 uid
1187 3175 1221 3230 sil

211 3260 268 3297 non
280 3245 357 3298 nili.
385 3263 423 3300 an
440 3263 498 3301 non
515 3249 547 3302 ut
564 3248 624 3303 sit?
643 3251 694 3317 cfr.
714 3251 773 3302 VII
781 3255 807 3304 1.
880 3257 914 3304 1⁷
933 3249 1128 3321 singulisPo.
1155 3247 1219 3304 -lic

213 3315 217 3384 l
237 3329 289 3369 noe
307 3315 462 3372 vitalici.
490 3320 523 3373 ul
539 3335 592 3374 neo
609 3320 674 3374 1¹⁸.
697 3322 727 3375 et
739 3338 796 3375 non
809 3321 868 3376 edd.
883 3326 947 3376 ante
959 3321 1027 3378 Dat.
1099 3329 1134 3378 20
1152 3318 1221 3377 alite

211 3401 262 3467 om,
281 3385 318 3440 11¹.
351 3403 437 3444 uncos
459 3405 506 3458 ego
523 3393 617 3459 posci.
725 3397 759 3446 22
782 3391 903 3448 reticent
920 3392 1000 3448 e¹dv.
1031 3392 1167 3476 rilieensll
1180 3387 1218 3469 Ἐξ

210 3456 330 3512 reheens
343 3459 444 3514 rBrot.
470 3463 530 3514 -cet
542 3465 612 3517 cont.
626 3464 693 3518 Dat.
762 3467 797 3517 25
812 3462 870 3517 seio
883 3462 939 3518 HS.
953 3467 990 3524 Vi
1002 3463 1076 3520 Detl.
1101 3463 1219 3521 sorotism

210 3526 252 3580 1¹.
277 3527 347 3582 socii
361 3529 404 3583 sui
417 3535 441 3584 d.
468 3531 595 3602 sciofslui
608 3533 671 3588 ris.
698 3533 756 3588 scio
769 3533 906 3590 sestertiis
920 3551 969 3590 sex
981 3533 1059 3604 ΜΡ).
1136 3533 1218 3592 attin-
1283 3584 1284 3610 ,

209 3597 344 3654 usitatum
362 3599 461 3655 risit.
534 3609 567 3657 29
587 3622 626 3658 on
643 3605 747 3674 reperti
766 3603 852 3658 sunt?
925 3611 1011 3660 30.31
1030 3605 1163 3676 linguaue
1178 3599 1215 3657 Ρ.
