<?xml version="1.0" encoding="UTF-8"?>
<!DOCTYPE html PUBLIC "-//W3C//DTD XHTML 1.0 Transitional//EN"
    "http://www.w3.org/TR/xhtml1/DTD/xhtml1-transitional.dtd">
<html xmlns="http://www.w3.org/1999/xhtml" xml:lang="en" lang="en">
 <head>
  <title>
</title>
<meta http-equiv="Content-Type" content="text/html;charset=utf-8" />
  <meta name='ocr-system' content='tesseract 3.04.00' />
  <meta name='ocr-capabilities' content='ocr_page ocr_carea ocr_par ocr_line ocrx_word'/>
</head>
<body>
  <div class='ocr_page' id='page_1' title='image "./cplinisecundina02mayhgoog_0102.png"; bbox 0 0 2620 3948; ppageno 0'>
   <div class='ocr_carea' id='block_1_1' title="bbox 373 143 1116 216">
    <p class='ocr_par' dir='ltr' id='par_1_1' title="bbox 373 143 1116 216">
     <span class='ocr_line' id='line_1_1' title="bbox 373 143 1116 216; baseline -0.004 -9"><span class='ocrx_word' id='word_1_1' title='bbox 373 147 457 208; x_wconf 79' lang='lat' dir='ltr'><strong>NA&#39;P.</strong></span> <span class='ocrx_word' id='word_1_2' title='bbox 476 145 569 204; x_wconf 78' lang='lat' dir='ltr'>HIST.</span> <span class='ocrx_word' id='word_1_3' title='bbox 588 143 654 202; x_wconf 87' lang='lat' dir='ltr'>VIII</span> <span class='ocrx_word' id='word_1_4' title='bbox 671 150 742 202; x_wconf 82' lang='lat'><strong>2-5</strong></span> <span class='ocrx_word' id='word_1_5' title='bbox 761 146 852 216; x_wconf 73' lang='lat' dir='ltr'><strong>(a-t)</strong></span> <span class='ocrx_word' id='word_1_6' title='bbox 1075 143 1116 204; x_wconf 79' lang='grc'><strong>57</strong></span> 
     </span>
    </p>
   </div>
   <div class='ocr_carea' id='block_1_2' title="bbox 61 295 1178 3218">
    <p class='ocr_par' dir='ltr' id='par_1_2' title="bbox 61 295 1178 3218">
     <span class='ocr_line' id='line_1_2' title="bbox 100 295 1118 384; baseline -0.006 -21"><span class='ocrx_word' id='word_1_7' title='bbox 100 311 168 384; x_wconf 90' lang='lat' dir='ltr'><strong>tur,</strong></span> <span class='ocrx_word' id='word_1_8' title='bbox 197 308 300 382; x_wconf 91' lang='lat' dir='ltr'><strong>postca</strong></span> <span class='ocrx_word' id='word_1_9' title='bbox 330 302 402 363; x_wconf 81' lang='lat' dir='ltr'><strong>lessi</strong></span> <span class='ocrx_word' id='word_1_10' title='bbox 428 301 563 380; x_wconf 79' lang='lat' dir='ltr'><strong>inpactos</strong></span> <span class='ocrx_word' id='word_1_11' title='bbox 594 295 694 358; x_wconf 85' lang='lat' dir='ltr'><strong>arbori</strong></span> <span class='ocrx_word' id='word_1_12' title='bbox 720 297 861 378; x_wconf 75' lang='lat' dir='ltr'><strong>frangunt</strong></span> <span class='ocrx_word' id='word_1_13' title='bbox 887 299 1055 378; x_wconf 88' lang='lat' dir='ltr'><strong>praedaque</strong></span> <span class='ocrx_word' id='word_1_14' title='bbox 1086 316 1118 357; x_wconf 86' lang='lat' dir='ltr'><strong>se</strong></span> 
     </span>
     <span class='ocr_line' id='line_1_3' title="bbox 101 392 264 454; baseline -0.025 0"><span class='ocrx_word' id='word_1_15' title='bbox 101 392 264 454; x_wconf 89' lang='lat' dir='ltr'><strong>redimunt.</strong></span> 
     </span>
     <span class='ocr_line' id='line_1_4' title="bbox 172 471 1156 563; baseline -0.009 -22"><span class='ocrx_word' id='word_1_16' title='bbox 172 473 208 542; x_wconf 85' lang='lat'><strong>4.</strong></span> <span class='ocrx_word' id='word_1_17' title='bbox 227 471 279 563; x_wconf 86' lang='lat'><strong>(5)</strong></span> <span class='ocrx_word' id='word_1_18' title='bbox 309 478 418 540; x_wconf 80' lang='lat' dir='ltr'><strong>Mirum</strong></span> <span class='ocrx_word' id='word_1_19' title='bbox 439 480 471 540; x_wconf 92' lang='lat' dir='ltr'><strong>in</strong></span> <span class='ocrx_word' id='word_1_20' title='bbox 488 474 641 557; x_wconf 88' lang='lat' dir='ltr'><strong>plerisque</strong></span> <span class='ocrx_word' id='word_1_21' title='bbox 664 476 834 536; x_wconf 90' lang='lat' dir='ltr'><strong>animalium</strong></span> <span class='ocrx_word' id='word_1_22' title='bbox 857 479 934 537; x_wconf 90' lang='lat' dir='ltr'><strong>scire</strong></span> <span class='ocrx_word' id='word_1_23' title='bbox 954 496 1045 556; x_wconf 88' lang='lat' dir='ltr'><strong>quare</strong></span> <span class='ocrx_word' id='word_1_24' title='bbox 1069 486 1156 556; x_wconf 77' lang='lat' dir='ltr'><strong>peu</strong></span> 
     </span>
     <span class='ocr_line' id='line_1_5' title="bbox 102 565 1119 650; baseline -0.004 -20"><span class='ocrx_word' id='word_1_25' title='bbox 102 577 215 650; x_wconf 88' lang='lat' dir='ltr'><strong>tantur,</strong></span> <span class='ocrx_word' id='word_1_26' title='bbox 238 569 291 630; x_wconf 92' lang='lat' dir='ltr'><strong>sed</strong></span> <span class='ocrx_word' id='word_1_27' title='bbox 314 576 345 629; x_wconf 91' lang='lat' dir='ltr'><strong>et</strong></span> <span class='ocrx_word' id='word_1_28' title='bbox 366 585 421 648; x_wconf 89' lang='lat' dir='ltr'><strong>per</strong></span> <span class='ocrx_word' id='word_1_29' title='bbox 444 574 553 628; x_wconf 91' lang='lat' dir='ltr'><strong>cuncta</strong></span> <span class='ocrx_word' id='word_1_30' title='bbox 575 565 647 645; x_wconf 92' lang='lat' dir='ltr'><strong>quid</strong></span> <span class='ocrx_word' id='word_1_31' title='bbox 670 572 800 626; x_wconf 82' lang='lat' dir='ltr'><strong>caveant.</strong></span> <span class='ocrx_word' id='word_1_32' title='bbox 838 566 978 644; x_wconf 80' lang='lat' dir='ltr'><strong>elephans</strong></span> <span class='ocrx_word' id='word_1_33' title='bbox 999 567 1119 628; x_wconf 90' lang='lat' dir='ltr'><strong>homine</strong></span> 
     </span>
     <span class='ocr_line' id='line_1_6' title="bbox 73 653 1120 733; baseline -0.001 -15"><span class='ocrx_word' id='word_1_34' title='bbox 73 657 292 718; x_wconf 76' lang='lat' dir='ltr'><strong>solucione</strong></span> <span class='ocrx_word' id='word_1_35' title='bbox 316 659 347 718; x_wconf 94' lang='lat' dir='ltr'><strong>in</strong></span> <span class='ocrx_word' id='word_1_36' title='bbox 370 655 530 717; x_wconf 73' lang='lat' dir='ltr'><strong>solitudine</strong></span> <span class='ocrx_word' id='word_1_37' title='bbox 555 663 585 715; x_wconf 88' lang='lat' dir='ltr'><strong>et</strong></span> <span class='ocrx_word' id='word_1_38' title='bbox 607 653 781 733; x_wconf 88' lang='lat' dir='ltr'><strong>simpliciter</strong></span> <span class='ocrx_word' id='word_1_39' title='bbox 809 653 966 716; x_wconf 91' lang='lat' dir='ltr'><strong>oberrante</strong></span> <span class='ocrx_word' id='word_1_40' title='bbox 990 655 1120 717; x_wconf 90' lang='lat' dir='ltr'><strong>clemens</strong></span> 
     </span>
     <span class='ocr_line' id='line_1_7' title="bbox 102 743 1120 826; baseline -0.003 -20"><span class='ocrx_word' id='word_1_41' title='bbox 102 746 298 826; x_wconf 91' lang='lat' dir='ltr'><strong>placidusque</strong></span> <span class='ocrx_word' id='word_1_42' title='bbox 318 747 406 809; x_wconf 90' lang='lat' dir='ltr'><strong>etiam</strong></span> <span class='ocrx_word' id='word_1_43' title='bbox 424 745 629 806; x_wconf 88' lang='lat' dir='ltr'><strong>demonstrare</strong></span> <span class='ocrx_word' id='word_1_44' title='bbox 648 745 726 803; x_wconf 83' lang='lat' dir='ltr'><strong>riam</strong></span> <span class='ocrx_word' id='word_1_45' title='bbox 742 743 880 824; x_wconf 80' lang='lat' dir='ltr'><strong>traditur,</strong></span> <span class='ocrx_word' id='word_1_46' title='bbox 903 745 982 804; x_wconf 92' lang='lat' dir='ltr'><strong>idem</strong></span> <span class='ocrx_word' id='word_1_47' title='bbox 996 747 1120 824; x_wconf 82' lang='lat' dir='ltr'><strong>vestigio</strong></span> 
     </span>
     <span class='ocr_line' id='line_1_8' title="bbox 103 831 1120 913; baseline -0.001 -18"><span class='ocrx_word' id='word_1_48' title='bbox 103 835 233 896; x_wconf 87' lang='lat' dir='ltr'><strong>hominis</strong></span> <span class='ocrx_word' id='word_1_49' title='bbox 256 834 460 896; x_wconf 84' lang='lat' dir='ltr'><strong>animadverso</strong></span> <span class='ocrx_word' id='word_1_50' title='bbox 482 835 567 913; x_wconf 88' lang='lat' dir='ltr'><strong>prius</strong></span> <span class='ocrx_word' id='word_1_51' title='bbox 590 851 679 912; x_wconf 89' lang='lat' dir='ltr'><strong>quam</strong></span> <span class='ocrx_word' id='word_1_52' title='bbox 699 831 818 892; x_wconf 90' lang='lat' dir='ltr'><strong>homine</strong></span> <span class='ocrx_word' id='word_1_53' title='bbox 840 834 1054 894; x_wconf 73' lang='lat' dir='ltr'><strong>intremescere</strong></span> <span class='ocrx_word' id='word_1_54' title='bbox 1076 837 1120 894; x_wconf 93' lang='lat' dir='ltr'><strong>in·</strong></span> 
     </span>
     <span class='ocr_line' id='line_1_9' title="bbox 104 919 1121 1005; baseline 0 -22"><span class='ocrx_word' id='word_1_55' title='bbox 104 923 248 984; x_wconf 85' lang='lat' dir='ltr'><strong>sidiarum</strong></span> <span class='ocrx_word' id='word_1_56' title='bbox 271 931 362 1004; x_wconf 92' lang='lat' dir='ltr'><strong>metu,</strong></span> <span class='ocrx_word' id='word_1_57' title='bbox 386 921 559 1003; x_wconf 80' lang='lat' dir='ltr'><strong>subsistere,</strong></span> <span class='ocrx_word' id='word_1_58' title='bbox 578 921 622 982; x_wconf 87' lang='lat' dir='ltr'><strong>ab</strong></span> <span class='ocrx_word' id='word_1_59' title='bbox 646 921 756 981; x_wconf 88' lang='lat' dir='ltr'><strong>olfactu</strong></span> <span class='ocrx_word' id='word_1_60' title='bbox 779 922 1039 1005; x_wconf 82' lang='lat' dir='ltr'><strong>circumspectare,</strong></span> <span class='ocrx_word' id='word_1_61' title='bbox 1061 919 1121 983; x_wconf 86' lang='lat' dir='ltr'><strong>iras</strong></span> 
     </span>
     <span class='ocr_line' id='line_1_10' title="bbox 104 1009 1122 1093; baseline 0 -21"><span class='ocrx_word' id='word_1_62' title='bbox 104 1012 247 1093; x_wconf 87' lang='lat' dir='ltr'><strong>proflare,</strong></span> <span class='ocrx_word' id='word_1_63' title='bbox 270 1031 326 1074; x_wconf 92' lang='lat' dir='ltr'><strong>nec</strong></span> <span class='ocrx_word' id='word_1_64' title='bbox 350 1011 476 1092; x_wconf 88' lang='lat' dir='ltr'><strong>calcare,</strong></span> <span class='ocrx_word' id='word_1_65' title='bbox 501 1011 554 1072; x_wconf 92' lang='lat' dir='ltr'><strong>sed</strong></span> <span class='ocrx_word' id='word_1_66' title='bbox 577 1017 697 1070; x_wconf 89' lang='lat' dir='ltr'><strong>erutum</strong></span> <span class='ocrx_word' id='word_1_67' title='bbox 719 1011 854 1088; x_wconf 85' lang='lat' dir='ltr'><strong>proximo</strong></span> <span class='ocrx_word' id='word_1_68' title='bbox 880 1009 1011 1092; x_wconf 88' lang='lat' dir='ltr'><strong>tradere,</strong></span> <span class='ocrx_word' id='word_1_69' title='bbox 1038 1011 1122 1072; x_wconf 92' lang='lat' dir='ltr'><strong>illum</strong></span> 
     </span>
     <span class='ocr_line' id='line_1_11' title="bbox 61 1098 1121 1181; baseline -0.001 -20"><span class='ocrx_word' id='word_1_70' title='bbox 61 1123 89 1161; x_wconf 80' lang='grc' dir='ltr'><strong>ιο</strong></span> <span class='ocrx_word' id='word_1_71' title='bbox 105 1103 257 1181; x_wconf 84' lang='lat' dir='ltr'><strong>sequenti,</strong></span> <span class='ocrx_word' id='word_1_72' title='bbox 286 1101 375 1162; x_wconf 91' lang='lat' dir='ltr'><strong>simili</strong></span> <span class='ocrx_word' id='word_1_73' title='bbox 398 1101 504 1162; x_wconf 92' lang='lat' dir='ltr'><strong>nuntio</strong></span> <span class='ocrx_word' id='word_1_74' title='bbox 531 1117 627 1178; x_wconf 90' lang='lat' dir='ltr'><strong>usque</strong></span> <span class='ocrx_word' id='word_1_75' title='bbox 651 1098 688 1159; x_wconf 90' lang='lat' dir='ltr'><strong>ad</strong></span> <span class='ocrx_word' id='word_1_76' title='bbox 711 1106 891 1178; x_wconf 87' lang='lat' dir='ltr'><strong>extremum,</strong></span> <span class='ocrx_word' id='word_1_77' title='bbox 921 1105 993 1158; x_wconf 92' lang='lat' dir='ltr'><strong>tunc</strong></span> <span class='ocrx_word' id='word_1_78' title='bbox 1016 1118 1121 1178; x_wconf 83' lang='lat' dir='ltr'><strong>agmen</strong></span> 
     </span>
     <span class='ocr_line' id='line_1_12' title="bbox 104 1186 1123 1269; baseline -0.001 -19"><span class='ocrx_word' id='word_1_79' title='bbox 104 1190 268 1269; x_wconf 85' lang='lat' dir='ltr'><strong>circumagi</strong></span> <span class='ocrx_word' id='word_1_80' title='bbox 291 1197 321 1250; x_wconf 89' lang='lat' dir='ltr'><strong>et</strong></span> <span class='ocrx_word' id='word_1_81' title='bbox 343 1191 454 1249; x_wconf 87' lang='lat' dir='ltr'><strong>reverti</strong></span> <span class='ocrx_word' id='word_1_82' title='bbox 477 1189 630 1266; x_wconf 89' lang='lat' dir='ltr'><strong>aciemque</strong></span> <span class='ocrx_word' id='word_1_83' title='bbox 653 1187 749 1266; x_wconf 90' lang='lat' dir='ltr'><strong>dirigi.</strong></span> <span class='ocrx_word' id='word_1_84' title='bbox 786 1186 858 1247; x_wconf 88' lang='lat' dir='ltr'><strong>adeo</strong></span> <span class='ocrx_word' id='word_1_85' title='bbox 882 1190 1014 1248; x_wconf 91' lang='lat' dir='ltr'><strong>omnium</strong></span> <span class='ocrx_word' id='word_1_86' title='bbox 1038 1187 1123 1250; x_wconf 90' lang='lat' dir='ltr'><strong>odori</strong></span> 
     </span>
     <span class='ocr_line' id='line_1_13' title="bbox 105 1274 1123 1357; baseline 0 -19"><span class='ocrx_word' id='word_1_87' title='bbox 105 1277 214 1339; x_wconf 76' lang='lat' dir='ltr'><strong>dirrare</strong></span> <span class='ocrx_word' id='word_1_88' title='bbox 242 1281 325 1338; x_wconf 85' lang='lat' dir='ltr'><strong>virus</strong></span> <span class='ocrx_word' id='word_1_89' title='bbox 352 1277 425 1338; x_wconf 92' lang='lat' dir='ltr'><strong>illud</strong></span> <span class='ocrx_word' id='word_1_90' title='bbox 452 1279 563 1338; x_wconf 90' lang='lat' dir='ltr'><strong>maiore</strong></span> <span class='ocrx_word' id='word_1_91' title='bbox 592 1283 735 1354; x_wconf 84' lang='lat' dir='ltr'><strong>exparte</strong></span> <span class='ocrx_word' id='word_1_92' title='bbox 763 1293 800 1335; x_wconf 91' lang='lat' dir='ltr'><strong>ne</strong></span> <span class='ocrx_word' id='word_1_93' title='bbox 829 1274 978 1336; x_wconf 92' lang='lat' dir='ltr'><strong>nudorum</strong></span> <span class='ocrx_word' id='word_1_94' title='bbox 1002 1277 1123 1357; x_wconf 91' lang='lat' dir='ltr'><strong>quidem</strong></span> 
     </span>
     <span class='ocr_line' id='line_1_14' title="bbox 104 1363 1176 1446; baseline -0.002 -19"><span class='ocrx_word' id='word_1_95' title='bbox 104 1367 224 1446; x_wconf 91' lang='lat' dir='ltr'><strong>pedum.</strong></span> <span class='ocrx_word' id='word_1_96' title='bbox 270 1369 314 1427; x_wconf 93' lang='lat' dir='ltr'><strong>sic</strong></span> <span class='ocrx_word' id='word_1_97' title='bbox 337 1373 368 1426; x_wconf 91' lang='lat' dir='ltr'><strong>et</strong></span> <span class='ocrx_word' id='word_1_98' title='bbox 390 1367 476 1445; x_wconf 87' lang='lat' dir='ltr'><strong>tigris</strong></span> <span class='ocrx_word' id='word_1_99' title='bbox 501 1367 590 1426; x_wconf 90' lang='lat' dir='ltr'><strong>etiam</strong></span> <span class='ocrx_word' id='word_1_100' title='bbox 613 1365 686 1424; x_wconf 86' lang='lat' dir='ltr'><strong>ieris</strong></span> <span class='ocrx_word' id='word_1_101' title='bbox 709 1366 819 1424; x_wconf 89' lang='lat' dir='ltr'><strong>ceteris</strong></span> <span class='ocrx_word' id='word_1_102' title='bbox 842 1363 1010 1425; x_wconf 90' lang='lat' dir='ltr'><strong>truculenta</strong></span> <span class='ocrx_word' id='word_1_103' title='bbox 1033 1371 1176 1444; x_wconf 85' lang='lat' dir='ltr'><strong>atque10</strong></span> 
     </span>
     <span class='ocr_line' id='line_1_15' title="bbox 103 1452 1122 1535; baseline 0.001 -21"><span class='ocrx_word' id='word_1_104' title='bbox 103 1458 170 1534; x_wconf 90' lang='lat' dir='ltr'><strong>ipsa</strong></span> <span class='ocrx_word' id='word_1_105' title='bbox 188 1455 338 1535; x_wconf 87' lang='lat' dir='ltr'><strong>elephanti</strong></span> <span class='ocrx_word' id='word_1_106' title='bbox 356 1472 476 1534; x_wconf 91' lang='lat' dir='ltr'><strong>quoque</strong></span> <span class='ocrx_word' id='word_1_107' title='bbox 494 1471 640 1533; x_wconf 89' lang='lat' dir='ltr'><strong>spernens</strong></span> <span class='ocrx_word' id='word_1_108' title='bbox 659 1454 782 1532; x_wconf 85' lang='lat' dir='ltr'><strong>vestigia</strong></span> <span class='ocrx_word' id='word_1_109' title='bbox 799 1452 928 1514; x_wconf 91' lang='lat' dir='ltr'><strong>hominis</strong></span> <span class='ocrx_word' id='word_1_110' title='bbox 945 1456 1008 1514; x_wconf 82' lang='lat' dir='ltr'><strong>riso</strong></span> <span class='ocrx_word' id='word_1_111' title='bbox 1027 1462 1122 1516; x_wconf 87' lang='lat' dir='ltr'><strong>trans-</strong></span> 
     </span>
     <span class='ocr_line' id='line_1_16' title="bbox 63 1541 1123 1624; baseline 0.001 -21"><span class='ocrx_word' id='word_1_112' title='bbox 63 1563 91 1604; x_wconf 88' lang='lat'><strong>15</strong></span> <span class='ocrx_word' id='word_1_113' title='bbox 105 1544 186 1605; x_wconf 85' lang='lat' dir='ltr'><strong>serre</strong></span> <span class='ocrx_word' id='word_1_114' title='bbox 210 1544 321 1604; x_wconf 90' lang='lat' dir='ltr'><strong>dicitur</strong></span> <span class='ocrx_word' id='word_1_115' title='bbox 342 1545 481 1622; x_wconf 91' lang='lat' dir='ltr'><strong>protinus</strong></span> <span class='ocrx_word' id='word_1_116' title='bbox 504 1542 626 1603; x_wconf 90' lang='lat' dir='ltr'><strong>catulos.</strong></span> <span class='ocrx_word' id='word_1_117' title='bbox 672 1559 802 1621; x_wconf 89' lang='lat' dir='ltr'><strong>quonam</strong></span> <span class='ocrx_word' id='word_1_118' title='bbox 824 1543 912 1602; x_wconf 92' lang='lat' dir='ltr'><strong>modo</strong></span> <span class='ocrx_word' id='word_1_119' title='bbox 936 1545 1048 1624; x_wconf 89' lang='lat' dir='ltr'><strong>agnito,</strong></span> <span class='ocrx_word' id='word_1_120' title='bbox 1071 1541 1123 1604; x_wconf 94' lang='lat' dir='ltr'><strong>uhi</strong></span> 
     </span>
     <span class='ocr_line' id='line_1_17' title="bbox 106 1626 1122 1712; baseline 0 -19"><span class='ocrx_word' id='word_1_121' title='bbox 106 1641 175 1693; x_wconf 88' lang='lat' dir='ltr'><strong>ante</strong></span> <span class='ocrx_word' id='word_1_122' title='bbox 199 1640 360 1712; x_wconf 88' lang='lat' dir='ltr'><strong>conspecto</strong></span> <span class='ocrx_word' id='word_1_123' title='bbox 383 1631 433 1692; x_wconf 92' lang='lat' dir='ltr'><strong>illo</strong></span> <span class='ocrx_word' id='word_1_124' title='bbox 457 1649 547 1709; x_wconf 90' lang='lat' dir='ltr'><strong>quem</strong></span> <span class='ocrx_word' id='word_1_125' title='bbox 569 1626 678 1692; x_wconf 81' lang='lat' dir='ltr'><strong>timet?</strong></span> <span class='ocrx_word' id='word_1_126' title='bbox 724 1632 834 1691; x_wconf 89' lang='lat' dir='ltr'><strong>etenim</strong></span> <span class='ocrx_word' id='word_1_127' title='bbox 857 1631 931 1692; x_wconf 88' lang='lat' dir='ltr'><strong>tales</strong></span> <span class='ocrx_word' id='word_1_128' title='bbox 959 1632 1046 1692; x_wconf 85' lang='lat' dir='ltr'><strong>silvas</strong></span> <span class='ocrx_word' id='word_1_129' title='bbox 1068 1635 1122 1693; x_wconf 93' lang='lat' dir='ltr'><strong>mi·</strong></span> 
     </span>
     <span class='ocr_line' id='line_1_18' title="bbox 106 1721 1124 1800; baseline -0.001 -18"><span class='ocrx_word' id='word_1_130' title='bbox 106 1723 186 1782; x_wconf 88' lang='lat' dir='ltr'><strong>nime</strong></span> <span class='ocrx_word' id='word_1_131' title='bbox 210 1722 395 1800; x_wconf 80' lang='lat' dir='ltr'><strong>frequentari</strong></span> <span class='ocrx_word' id='word_1_132' title='bbox 417 1727 533 1781; x_wconf 90' lang='lat' dir='ltr'><strong>certum</strong></span> <span class='ocrx_word' id='word_1_133' title='bbox 553 1725 606 1780; x_wconf 90' lang='lat' dir='ltr'><strong>est.</strong></span> <span class='ocrx_word' id='word_1_134' title='bbox 639 1735 710 1778; x_wconf 90' lang='lat' dir='ltr'><strong>sane</strong></span> <span class='ocrx_word' id='word_1_135' title='bbox 729 1721 878 1780; x_wconf 91' lang='lat' dir='ltr'><strong>mirentur</strong></span> <span class='ocrx_word' id='word_1_136' title='bbox 895 1723 989 1799; x_wconf 90' lang='lat' dir='ltr'><strong>ipsam</strong></span> <span class='ocrx_word' id='word_1_137' title='bbox 1007 1723 1124 1800; x_wconf 86' lang='lat' dir='ltr'><strong>vestigii</strong></span> 
     </span>
     <span class='ocr_line' id='line_1_19' title="bbox 106 1803 1124 1870; baseline -0.001 0"><span class='ocrx_word' id='word_1_138' title='bbox 106 1813 267 1870; x_wconf 89' lang='lat' dir='ltr'><strong>raritatem.</strong></span> <span class='ocrx_word' id='word_1_139' title='bbox 298 1809 351 1870; x_wconf 90' lang='lat' dir='ltr'><strong>sed</strong></span> <span class='ocrx_word' id='word_1_140' title='bbox 373 1809 453 1869; x_wconf 92' lang='lat' dir='ltr'><strong>unde</strong></span> <span class='ocrx_word' id='word_1_141' title='bbox 478 1811 577 1869; x_wconf 91' lang='lat' dir='ltr'><strong>sciunt</strong></span> <span class='ocrx_word' id='word_1_142' title='bbox 600 1807 724 1867; x_wconf 89' lang='lat' dir='ltr'><strong>timendi</strong></span> <span class='ocrx_word' id='word_1_143' title='bbox 747 1803 834 1868; x_wconf 78' lang='lat' dir='ltr'><strong>esso?</strong></span> <span class='ocrx_word' id='word_1_144' title='bbox 861 1810 951 1869; x_wconf 93' lang='lat' dir='ltr'><strong>immo</strong></span> <span class='ocrx_word' id='word_1_145' title='bbox 974 1828 1045 1869; x_wconf 89' lang='lat' dir='ltr'><strong>vero</strong></span> <span class='ocrx_word' id='word_1_146' title='bbox 1069 1828 1124 1869; x_wconf 91' lang='lat' dir='ltr'><strong>cur</strong></span> 
     </span>
     <span class='ocr_line' id='line_1_20' title="bbox 107 1895 1124 1978; baseline -0.001 -21"><span class='ocrx_word' id='word_1_147' title='bbox 107 1898 153 1958; x_wconf 86' lang='lat' dir='ltr'><strong>vel</strong></span> <span class='ocrx_word' id='word_1_148' title='bbox 175 1900 269 1978; x_wconf 91' lang='lat' dir='ltr'><strong>ipsius</strong></span> <span class='ocrx_word' id='word_1_149' title='bbox 293 1903 486 1977; x_wconf 90' lang='lat' dir='ltr'><strong>conspectum</strong></span> <span class='ocrx_word' id='word_1_150' title='bbox 509 1904 635 1976; x_wconf 88' lang='lat' dir='ltr'><strong>paveant</strong></span> <span class='ocrx_word' id='word_1_151' title='bbox 656 1902 739 1956; x_wconf 90' lang='lat' dir='ltr'><strong>tanto</strong></span> <span class='ocrx_word' id='word_1_152' title='bbox 762 1895 889 1977; x_wconf 87' lang='lat' dir='ltr'><strong>viribus,</strong></span> <span class='ocrx_word' id='word_1_153' title='bbox 911 1897 1124 1978; x_wconf 87' lang='lat' dir='ltr'><strong>magnitudine,</strong></span> 
     </span>
     <span class='ocr_line' id='line_1_21' title="bbox 64 1981 1124 2068; baseline 0 -22"><span class='ocrx_word' id='word_1_154' title='bbox 64 2007 93 2046; x_wconf 79' lang='lat' dir='ltr'><strong>eo</strong></span> <span class='ocrx_word' id='word_1_155' title='bbox 106 1987 261 2048; x_wconf 86' lang='lat' dir='ltr'><strong>velocitate</strong></span> <span class='ocrx_word' id='word_1_156' title='bbox 280 1981 536 2068; x_wconf 78' lang='lat' dir='ltr'><strong>praestantiores?</strong></span> <span class='ocrx_word' id='word_1_157' title='bbox 563 1985 705 2046; x_wconf 87' lang='lat' dir='ltr'><strong>nimirum</strong></span> <span class='ocrx_word' id='word_1_158' title='bbox 723 1983 796 2044; x_wconf 89' lang='lat' dir='ltr'><strong>hacc</strong></span> <span class='ocrx_word' id='word_1_159' title='bbox 821 1993 866 2045; x_wconf 91' lang='lat' dir='ltr'><strong>est</strong></span> <span class='ocrx_word' id='word_1_160' title='bbox 885 1993 990 2046; x_wconf 87' lang='lat' dir='ltr'><strong>natura</strong></span> <span class='ocrx_word' id='word_1_161' title='bbox 1012 2004 1124 2066; x_wconf 92' lang='lat' dir='ltr'><strong>rerum,</strong></span> 
     </span>
     <span class='ocr_line' id='line_1_22' title="bbox 106 2073 1123 2155; baseline -0.003 -18"><span class='ocrx_word' id='word_1_162' title='bbox 106 2076 181 2137; x_wconf 88' lang='lat' dir='ltr'><strong>haec</strong></span> <span class='ocrx_word' id='word_1_163' title='bbox 203 2077 336 2154; x_wconf 90' lang='lat' dir='ltr'><strong>potentia</strong></span> <span class='ocrx_word' id='word_1_164' title='bbox 359 2077 433 2155; x_wconf 89' lang='lat' dir='ltr'><strong>eius,</strong></span> <span class='ocrx_word' id='word_1_165' title='bbox 456 2074 641 2134; x_wconf 83' lang='lat' dir='ltr'><strong>saevissimas</strong></span> <span class='ocrx_word' id='word_1_166' title='bbox 660 2073 792 2133; x_wconf 82' lang='lat' dir='ltr'><strong>ferarum</strong></span> <span class='ocrx_word' id='word_1_167' title='bbox 815 2076 1015 2153; x_wconf 83' lang='lat' dir='ltr'><strong>maximasque</strong></span> <span class='ocrx_word' id='word_1_168' title='bbox 1039 2093 1123 2134; x_wconf 92' lang='lat' dir='ltr'><strong>num·</strong></span> 
     </span>
     <span class='ocr_line' id='line_1_23' title="bbox 107 2160 1123 2244; baseline -0.004 -19"><span class='ocrx_word' id='word_1_169' title='bbox 107 2183 197 2244; x_wconf 63' lang='lat' dir='ltr'><strong>mam</strong></span> <span class='ocrx_word' id='word_1_170' title='bbox 223 2165 332 2224; x_wconf 86' lang='lat' dir='ltr'><strong>vidisse</strong></span> <span class='ocrx_word' id='word_1_171' title='bbox 362 2163 443 2242; x_wconf 91' lang='lat' dir='ltr'><strong>quod</strong></span> <span class='ocrx_word' id='word_1_172' title='bbox 470 2160 598 2223; x_wconf 90' lang='lat' dir='ltr'><strong>debeant</strong></span> <span class='ocrx_word' id='word_1_173' title='bbox 624 2163 729 2221; x_wconf 90' lang='lat' dir='ltr'><strong>timere</strong></span> <span class='ocrx_word' id='word_1_174' title='bbox 763 2168 793 2220; x_wconf 90' lang='lat' dir='ltr'><strong>et</strong></span> <span class='ocrx_word' id='word_1_175' title='bbox 822 2163 922 2221; x_wconf 91' lang='lat' dir='ltr'><strong>statim</strong></span> <span class='ocrx_word' id='word_1_176' title='bbox 950 2162 1123 2240; x_wconf 83' lang='lat' dir='ltr'><strong>intellegere</strong></span> 
     </span>
     <span class='ocr_line' id='line_1_24' title="bbox 107 2253 436 2314; baseline -0.003 0"><span class='ocrx_word' id='word_1_177' title='bbox 107 2272 178 2314; x_wconf 90' lang='lat' dir='ltr'><strong>cum</strong></span> <span class='ocrx_word' id='word_1_178' title='bbox 201 2255 241 2314; x_wconf 91' lang='lat' dir='ltr'><strong>sit</strong></span> <span class='ocrx_word' id='word_1_179' title='bbox 263 2253 436 2313; x_wconf 90' lang='lat' dir='ltr'><strong>timendum.</strong></span> 
     </span>
     <span class='ocr_line' id='line_1_25' title="bbox 176 2335 1175 2423; baseline -0.007 -23"><span class='ocrx_word' id='word_1_180' title='bbox 176 2335 210 2404; x_wconf 84' lang='lat'><strong>5.</strong></span> <span class='ocrx_word' id='word_1_181' title='bbox 261 2340 418 2420; x_wconf 86' lang='lat' dir='ltr'><strong>Elephanti</strong></span> <span class='ocrx_word' id='word_1_182' title='bbox 449 2341 594 2419; x_wconf 88' lang='lat' dir='ltr'><strong>gregatim</strong></span> <span class='ocrx_word' id='word_1_183' title='bbox 626 2356 745 2417; x_wconf 89' lang='lat' dir='ltr'><strong>semper</strong></span> <span class='ocrx_word' id='word_1_184' title='bbox 776 2338 992 2417; x_wconf 90' lang='lat' dir='ltr'><strong>ingrediuntur.</strong></span> <span class='ocrx_word' id='word_1_185' title='bbox 1043 2340 1125 2423; x_wconf 82' lang='lat' dir='ltr'><strong>ducit</strong></span> <span class='ocrx_word' id='word_1_186' title='bbox 1144 2347 1175 2394; x_wconf 90' lang='lat'><strong>11</strong></span> 
     </span>
     <span class='ocr_line' id='line_1_26' title="bbox 65 2429 1125 2510; baseline -0.002 -20"><span class='ocrx_word' id='word_1_187' title='bbox 65 2448 93 2490; x_wconf 79' lang='lat' dir='ltr'><strong>as</strong></span> <span class='ocrx_word' id='word_1_188' title='bbox 107 2449 214 2510; x_wconf 87' lang='lat' dir='ltr'><strong>agmen</strong></span> <span class='ocrx_word' id='word_1_189' title='bbox 250 2431 395 2490; x_wconf 82' lang='lat' dir='ltr'><strong>maximus</strong></span> <span class='ocrx_word' id='word_1_190' title='bbox 431 2435 516 2510; x_wconf 91' lang='lat' dir='ltr'><strong>natu,</strong></span> <span class='ocrx_word' id='word_1_191' title='bbox 554 2429 634 2507; x_wconf 88' lang='lat' dir='ltr'><strong>cogit</strong></span> <span class='ocrx_word' id='word_1_192' title='bbox 664 2434 760 2487; x_wconf 90' lang='lat' dir='ltr'><strong>aetate</strong></span> <span class='ocrx_word' id='word_1_193' title='bbox 792 2429 954 2506; x_wconf 87' lang='lat' dir='ltr'><strong>proximus.</strong></span> <span class='ocrx_word' id='word_1_194' title='bbox 1009 2445 1125 2488; x_wconf 89' lang='lat' dir='ltr'><strong>amnem</strong></span> 
     </span>
     <span class='ocr_line' id='line_1_27' title="bbox 107 2517 1123 2597; baseline -0.005 -16"><span class='ocrx_word' id='word_1_195' title='bbox 107 2521 265 2581; x_wconf 84' lang='lat' dir='ltr'><strong>transituri</strong></span> <span class='ocrx_word' id='word_1_196' title='bbox 288 2520 426 2580; x_wconf 87' lang='lat' dir='ltr'><strong>minimos</strong></span> <span class='ocrx_word' id='word_1_197' title='bbox 448 2519 656 2597; x_wconf 89' lang='lat' dir='ltr'><strong>praemittunt,</strong></span> <span class='ocrx_word' id='word_1_198' title='bbox 687 2535 725 2576; x_wconf 92' lang='lat' dir='ltr'><strong>ne</strong></span> <span class='ocrx_word' id='word_1_199' title='bbox 748 2517 894 2577; x_wconf 91' lang='lat' dir='ltr'><strong>maiorum</strong></span> <span class='ocrx_word' id='word_1_200' title='bbox 920 2518 1057 2596; x_wconf 90' lang='lat' dir='ltr'><strong>ingressu</strong></span> <span class='ocrx_word' id='word_1_201' title='bbox 1082 2526 1123 2576; x_wconf 89' lang='lat' dir='ltr'><strong>at-</strong></span> 
     </span>
     <span class='ocr_line' id='line_1_28' title="bbox 107 2601 1125 2684; baseline -0.003 -15"><span class='ocrx_word' id='word_1_202' title='bbox 107 2615 226 2670; x_wconf 88' lang='lat' dir='ltr'><strong>terente</strong></span> <span class='ocrx_word' id='word_1_203' title='bbox 245 2607 359 2668; x_wconf 83' lang='lat' dir='ltr'><strong>alveum</strong></span> <span class='ocrx_word' id='word_1_204' title='bbox 378 2613 495 2668; x_wconf 89' lang='lat' dir='ltr'><strong>crescat</strong></span> <span class='ocrx_word' id='word_1_205' title='bbox 508 2607 634 2684; x_wconf 90' lang='lat' dir='ltr'><strong>gurgitis</strong></span> <span class='ocrx_word' id='word_1_206' title='bbox 652 2601 785 2666; x_wconf 88' lang='lat' dir='ltr'><strong>altitudo.</strong></span> <span class='ocrx_word' id='word_1_207' title='bbox 814 2605 1002 2684; x_wconf 76' lang='lat' dir='ltr'><strong>Anti-pater</strong></span> <span class='ocrx_word' id='word_1_208' title='bbox 1020 2613 1125 2666; x_wconf 81' lang='lat' dir='ltr'><strong>arrctor</strong></span> 
     </span>
     <span class='ocr_line' id='line_1_29' title="bbox 108 2692 1125 2774; baseline -0.002 -18"><span class='ocrx_word' id='word_1_209' title='bbox 108 2705 156 2757; x_wconf 92' lang='lat' dir='ltr'><strong>est</strong></span> <span class='ocrx_word' id='word_1_210' title='bbox 179 2697 258 2756; x_wconf 92' lang='lat' dir='ltr'><strong>duos</strong></span> <span class='ocrx_word' id='word_1_211' title='bbox 281 2695 426 2756; x_wconf 79' lang='lat' dir='ltr'><strong>Antiocho</strong></span> <span class='ocrx_word' id='word_1_212' title='bbox 454 2697 519 2774; x_wconf 91' lang='lat' dir='ltr'><strong>regi</strong></span> <span class='ocrx_word' id='word_1_213' title='bbox 544 2696 576 2755; x_wconf 93' lang='lat' dir='ltr'><strong>in</strong></span> <span class='ocrx_word' id='word_1_214' title='bbox 599 2692 714 2754; x_wconf 88' lang='lat' dir='ltr'><strong>bellicis</strong></span> <span class='ocrx_word' id='word_1_215' title='bbox 741 2692 847 2755; x_wconf 88' lang='lat' dir='ltr'><strong>usibus</strong></span> <span class='ocrx_word' id='word_1_216' title='bbox 874 2693 1008 2754; x_wconf 90' lang='lat' dir='ltr'><strong>celebres</strong></span> <span class='ocrx_word' id='word_1_217' title='bbox 1036 2697 1125 2755; x_wconf 90' lang='lat' dir='ltr'><strong>etiam</strong></span> 
     </span>
     <span class='ocr_line' id='line_1_30' title="bbox 109 2782 1125 2864; baseline -0.003 -18"><span class='ocrx_word' id='word_1_218' title='bbox 109 2784 336 2864; x_wconf 87' lang='lat' dir='ltr'><strong>cognominibus</strong></span> <span class='ocrx_word' id='word_1_219' title='bbox 359 2785 460 2844; x_wconf 75' lang='lat' dir='ltr'><strong>lenisse.</strong></span> <span class='ocrx_word' id='word_1_220' title='bbox 491 2784 602 2843; x_wconf 89' lang='lat' dir='ltr'><strong>etenim</strong></span> <span class='ocrx_word' id='word_1_221' title='bbox 624 2799 733 2843; x_wconf 86' lang='lat' dir='ltr'><strong>novere</strong></span> <span class='ocrx_word' id='word_1_222' title='bbox 757 2801 799 2843; x_wconf 89' lang='lat' dir='ltr'><strong>ea.</strong></span> <span class='ocrx_word' id='word_1_223' title='bbox 831 2789 912 2844; x_wconf 90' lang='lat' dir='ltr'><strong>certe</strong></span> <span class='ocrx_word' id='word_1_224' title='bbox 936 2782 1033 2863; x_wconf 83' lang='lat' dir='ltr'><strong>Cato,</strong></span> <span class='ocrx_word' id='word_1_225' title='bbox 1057 2801 1125 2843; x_wconf 91' lang='lat' dir='ltr'><strong>cum</strong></span> 
     </span>
     <span class='ocr_line' id='line_1_31' title="bbox 67 2870 1124 2953; baseline -0.001 -22"><span class='ocrx_word' id='word_1_226' title='bbox 67 2892 95 2931; x_wconf 76' lang='lat' dir='ltr'><strong>eo</strong></span> <span class='ocrx_word' id='word_1_227' title='bbox 108 2876 324 2952; x_wconf 88' lang='lat' dir='ltr'><strong>imperatorum</strong></span> <span class='ocrx_word' id='word_1_228' title='bbox 351 2873 471 2933; x_wconf 92' lang='lat' dir='ltr'><strong>nomina</strong></span> <span class='ocrx_word' id='word_1_229' title='bbox 497 2870 652 2932; x_wconf 90' lang='lat' dir='ltr'><strong>annalibus</strong></span> <span class='ocrx_word' id='word_1_230' title='bbox 680 2871 856 2953; x_wconf 84' lang='lat' dir='ltr'><strong>detraxerit,</strong></span> <span class='ocrx_word' id='word_1_231' title='bbox 889 2890 957 2932; x_wconf 91' lang='lat' dir='ltr'><strong>eum</strong></span> <span class='ocrx_word' id='word_1_232' title='bbox 986 2874 1037 2950; x_wconf 92' lang='lat' dir='ltr'><strong>qui</strong></span> <span class='ocrx_word' id='word_1_233' title='bbox 1066 2872 1124 2931; x_wconf 89' lang='lat' dir='ltr'><strong>lor·</strong></span> 
     </span>
     <span class='ocr_line' id='line_1_32' title="bbox 108 2959 1126 3042; baseline -0.003 -20"><span class='ocrx_word' id='word_1_234' title='bbox 108 2964 223 3022; x_wconf 89' lang='lat' dir='ltr'><strong>tissime</strong></span> <span class='ocrx_word' id='word_1_235' title='bbox 253 2961 417 3041; x_wconf 88' lang='lat' dir='ltr'><strong>proeliatus</strong></span> <span class='ocrx_word' id='word_1_236' title='bbox 447 2966 527 3020; x_wconf 90' lang='lat' dir='ltr'><strong>essct</strong></span> <span class='ocrx_word' id='word_1_237' title='bbox 556 2962 588 3020; x_wconf 95' lang='lat' dir='ltr'><strong>in</strong></span> <span class='ocrx_word' id='word_1_238' title='bbox 614 2959 728 3022; x_wconf 90' lang='lat' dir='ltr'><strong>Punica</strong></span> <span class='ocrx_word' id='word_1_239' title='bbox 757 2962 834 3042; x_wconf 89' lang='lat' dir='ltr'><strong>acie,</strong></span> <span class='ocrx_word' id='word_1_240' title='bbox 866 2959 977 3020; x_wconf 89' lang='lat' dir='ltr'><strong>Surum</strong></span> <span class='ocrx_word' id='word_1_241' title='bbox 1005 2960 1126 3020; x_wconf 87' lang='lat' dir='ltr'><strong>tradidit</strong></span> 
     </span>
     <span class='ocr_line' id='line_1_33' title="bbox 109 3047 1178 3111; baseline -0.006 -1"><span class='ocrx_word' id='word_1_242' title='bbox 109 3059 246 3111; x_wconf 83' lang='lat' dir='ltr'><strong>vocatum</strong></span> <span class='ocrx_word' id='word_1_243' title='bbox 273 3049 367 3110; x_wconf 89' lang='lat' dir='ltr'><strong>altero</strong></span> <span class='ocrx_word' id='word_1_244' title='bbox 390 3050 479 3110; x_wconf 88' lang='lat' dir='ltr'><strong>dente</strong></span> <span class='ocrx_word' id='word_1_245' title='bbox 507 3047 650 3110; x_wconf 90' lang='lat' dir='ltr'><strong>mutilato.</strong></span> <span class='ocrx_word' id='word_1_246' title='bbox 696 3048 842 3110; x_wconf 79' lang='lat' dir='ltr'><strong>Antiocho</strong></span> <span class='ocrx_word' id='word_1_247' title='bbox 864 3048 972 3110; x_wconf 89' lang='lat' dir='ltr'><strong>vadum</strong></span> <span class='ocrx_word' id='word_1_248' title='bbox 994 3049 1125 3110; x_wconf 84' lang='lat' dir='ltr'><strong>fluminis</strong></span> <span class='ocrx_word' id='word_1_249' title='bbox 1144 3057 1178 3105; x_wconf 78' lang='lat'><strong>12</strong></span> 
     </span>
     <span class='ocr_line' id='line_1_34' title="bbox 110 3136 1157 3218; baseline -0.002 -19"><span class='ocrx_word' id='word_1_250' title='bbox 110 3141 276 3218; x_wconf 83' lang='lat' dir='ltr'><strong>experienti</strong></span> <span class='ocrx_word' id='word_1_251' title='bbox 298 3141 400 3200; x_wconf 89' lang='lat' dir='ltr'><strong>renuit</strong></span> <span class='ocrx_word' id='word_1_252' title='bbox 421 3138 506 3218; x_wconf 82' lang='lat' dir='ltr'><strong>Aiax,</strong></span> <span class='ocrx_word' id='word_1_253' title='bbox 529 3136 640 3216; x_wconf 86' lang='lat' dir='ltr'><strong>alioqui</strong></span> <span class='ocrx_word' id='word_1_254' title='bbox 662 3136 722 3198; x_wconf 87' lang='lat' dir='ltr'><strong>dux</strong></span> <span class='ocrx_word' id='word_1_255' title='bbox 745 3139 870 3216; x_wconf 85' lang='lat' dir='ltr'><strong>agminis</strong></span> <span class='ocrx_word' id='word_1_256' title='bbox 894 3155 1019 3218; x_wconf 89' lang='lat' dir='ltr'><strong>semper.</strong></span> <span class='ocrx_word' id='word_1_257' title='bbox 1061 3145 1126 3197; x_wconf 92' lang='lat' dir='ltr'><strong>tum</strong></span> <span class='ocrx_word' id='word_1_258' title='bbox 1155 3143 1157 3149; x_wconf 84' lang='grc'><em>’</em></span> 
     </span>
    </p>
   </div>
   <div class='ocr_carea' id='block_1_3' title="bbox 108 3342 1125 3702">
    <p class='ocr_par' dir='ltr' id='par_1_3' title="bbox 108 3342 1125 3702">
     <span class='ocr_line' id='line_1_35' title="bbox 180 3342 1125 3412; baseline -0.008 -11"><span class='ocrx_word' id='word_1_259' title='bbox 180 3353 198 3401; x_wconf 88' lang='grc'><strong>4</strong></span> <span class='ocrx_word' id='word_1_260' title='bbox 217 3350 246 3402; x_wconf 88' lang='lat' dir='ltr'><strong>et</strong></span> <span class='ocrx_word' id='word_1_261' title='bbox 262 3345 409 3401; x_wconf 64' lang='lat' dir='ltr'><strong>munao.</strong></span> <span class='ocrx_word' id='word_1_262' title='bbox 430 3361 481 3400; x_wconf 78' lang='lat' dir='ltr'><strong>orn.</strong></span> <span class='ocrx_word' id='word_1_263' title='bbox 499 3363 522 3400; x_wconf 87' lang='lat' dir='ltr'><strong>r.</strong></span> <span class='ocrx_word' id='word_1_264' title='bbox 556 3361 593 3399; x_wconf 80' lang='lat' dir='ltr'><strong>cn</strong></span> <span class='ocrx_word' id='word_1_265' title='bbox 612 3343 662 3398; x_wconf 84' lang='lat' dir='ltr'><strong>sed</strong></span> <span class='ocrx_word' id='word_1_266' title='bbox 680 3345 710 3397; x_wconf 84' lang='lat' dir='ltr'><strong>et</strong></span> <span class='ocrx_word' id='word_1_267' title='bbox 726 3342 909 3412; x_wconf 81' lang='lat' dir='ltr'><strong>praesciunt?</strong></span> <span class='ocrx_word' id='word_1_268' title='bbox 981 3347 997 3394; x_wconf 90' lang='lat'><em>8</em></span> <span class='ocrx_word' id='word_1_269' title='bbox 1016 3343 1125 3396; x_wconf 85' lang='lat' dir='ltr'><strong>moetus</strong></span> 
     </span>
     <span class='ocr_line' id='line_1_36' title="bbox 108 3413 1125 3483; baseline -0.011 -11"><span class='ocrx_word' id='word_1_270' title='bbox 108 3422 140 3472; x_wconf 73' lang='lat' dir='ltr'><strong>B.</strong></span> <span class='ocrx_word' id='word_1_271' title='bbox 168 3420 246 3472; x_wconf 87' lang='lat' dir='ltr'><strong>metu</strong></span> <span class='ocrx_word' id='word_1_272' title='bbox 264 3417 415 3472; x_wconf 84' lang='lat' dir='ltr'><strong>subsistere</strong></span> <span class='ocrx_word' id='word_1_273' title='bbox 433 3433 456 3470; x_wconf 87' lang='lat' dir='ltr'><strong>r.</strong></span> <span class='ocrx_word' id='word_1_274' title='bbox 513 3422 546 3472; x_wconf 79' lang='lat'><strong>13</strong></span> <span class='ocrx_word' id='word_1_275' title='bbox 566 3415 664 3470; x_wconf 70' lang='lat' dir='ltr'><strong>nuno.</strong></span> <span class='ocrx_word' id='word_1_276' title='bbox 713 3419 754 3468; x_wconf 86' lang='lat'><strong>.14</strong></span> <span class='ocrx_word' id='word_1_277' title='bbox 772 3413 930 3483; x_wconf 84' lang='lat' dir='ltr'><strong>elephantis</strong></span> <span class='ocrx_word' id='word_1_278' title='bbox 949 3432 973 3465; x_wconf 76' lang='lat' dir='ltr'><strong>a.</strong></span> <span class='ocrx_word' id='word_1_279' title='bbox 997 3414 1066 3464; x_wconf 75' lang='lat' dir='ltr'><strong>tem</strong></span> <span class='ocrx_word' id='word_1_280' title='bbox 1080 3415 1125 3461; x_wconf 80' lang='lat' dir='ltr'><strong>d‘l.</strong></span> 
     </span>
     <span class='ocr_line' id='line_1_37' title="bbox 110 3482 1054 3561; baseline -0.012 -17"><span class='ocrx_word' id='word_1_281' title='bbox 110 3488 117 3561; x_wconf 78' lang='grc' dir='ltr'>Ι</span> <span class='ocrx_word' id='word_1_282' title='bbox 148 3489 269 3559; x_wconf 78' lang='lat' dir='ltr'><strong>vestigio</strong></span> <span class='ocrx_word' id='word_1_283' title='bbox 287 3493 338 3543; x_wconf 67' lang='grc' dir='ltr'><strong>Μ.</strong></span> <span class='ocrx_word' id='word_1_284' title='bbox 365 3489 416 3555; x_wconf 81' lang='lat' dir='ltr'><strong>cfr.</strong></span> <span class='ocrx_word' id='word_1_285' title='bbox 436 3487 494 3542; x_wconf 76' lang='lat' dir='ltr'><strong>nrt.</strong></span> <span class='ocrx_word' id='word_1_286' title='bbox 512 3487 588 3542; x_wconf 80' lang='lat' dir='ltr'><strong>vind.</strong></span> <span class='ocrx_word' id='word_1_287' title='bbox 606 3490 708 3542; x_wconf 78' lang='lat' dir='ltr'><strong>n.169.</strong></span> <span class='ocrx_word' id='word_1_288' title='bbox 787 3482 1054 3540; x_wconf 68' lang='lat' dir='ltr'><strong>restruendarum.</strong></span> 
     </span>
     <span class='ocr_line' id='line_1_38' title="bbox 109 3553 1054 3631; baseline -0.013 -15"><span class='ocrx_word' id='word_1_289' title='bbox 109 3566 143 3616; x_wconf 69' lang='lat' dir='ltr'><strong>at</strong></span> <span class='ocrx_word' id='word_1_290' title='bbox 163 3561 283 3631; x_wconf 77' lang='lat' dir='ltr'><strong>gurgitis</strong></span> <span class='ocrx_word' id='word_1_291' title='bbox 301 3559 452 3614; x_wconf 73' lang='lat' dir='ltr'><strong>1²B²Rola</strong></span> <span class='ocrx_word' id='word_1_292' title='bbox 479 3558 513 3613; x_wconf 84' lang='lat' dir='ltr'><strong>-ti</strong></span> <span class='ocrx_word' id='word_1_293' title='bbox 530 3575 554 3612; x_wconf 86' lang='lat' dir='ltr'><strong>r.</strong></span> <span class='ocrx_word' id='word_1_294' title='bbox 622 3555 884 3612; x_wconf 69' lang='lat' dir='ltr'><strong>.⁹›0detr11xe1·it‹1¹⁸</strong></span> <span class='ocrx_word' id='word_1_295' title='bbox 910 3553 997 3606; x_wconf 88' lang='lat' dir='ltr'><strong>destr-</strong></span> <span class='ocrx_word' id='word_1_296' title='bbox 1017 3553 1054 3605; x_wconf 57' lang='lat' dir='ltr'><strong>di.</strong></span> 
     </span>
     <span class='ocr_line' id='line_1_39' title="bbox 108 3630 657 3702; baseline -0.009 -15"><span class='ocrx_word' id='word_1_297' title='bbox 108 3637 144 3687; x_wconf 83' lang='grc'><strong>33</strong></span> <span class='ocrx_word' id='word_1_298' title='bbox 163 3646 274 3702; x_wconf 87' lang='lat' dir='ltr'><strong>semper</strong></span> <span class='ocrx_word' id='word_1_299' title='bbox 290 3633 352 3687; x_wconf 86' lang='lat' dir='ltr'><strong>tum</strong></span> <span class='ocrx_word' id='word_1_300' title='bbox 369 3630 447 3685; x_wconf 65' lang='grc' dir='ltr'><strong>Ν.</strong></span> <span class='ocrx_word' id='word_1_301' title='bbox 474 3631 616 3700; x_wconf 85' lang='lat' dir='ltr'><strong>repertum</strong></span> <span class='ocrx_word' id='word_1_302' title='bbox 634 3646 657 3683; x_wconf 84' lang='lat' dir='ltr'><strong>r.</strong></span> 
     </span>
    </p>
   </div>
   <div class='ocr_carea' id='block_1_4' title="bbox 0 0 1326 3948">
    <p class='ocr_par' dir='ltr' id='par_1_4' title="bbox 0 0 1326 3948">
     <span class='ocr_line' id='line_1_40' title="bbox 0 0 1326 3948; baseline 0 0"><span class='ocrx_word' id='word_1_303' title='bbox 0 0 1326 3948; x_wconf 95' lang='lat' dir='ltr'><strong> </strong></span> 
     </span>
    </p>
   </div>
  </div>
 </body>
</html>
