2628 3950
208 134 229 197 6
557 131 586 186 O.
605 129 705 185 PLINI
724 129 881 186 SECUNDI

207 301 267 363 quo
291 299 416 360 corpore
439 298 499 340 non
521 281 655 359 potuisse
678 280 813 361 tradunt,
836 281 1048 360 conditumque
1071 279 1170 340 loculo
1195 281 1229 340 in

207 369 327 450 templo.

154 465 187 512 at
274 458 439 537 Praecipue
453 457 535 518 india
549 457 786 538 Aethiopumque
801 467 916 520 tractus
934 457 1085 520 miraculis
1100 464 1228 519 scatent.

128 594 131 599 -
207 551 333 610 maxima
360 545 497 607 inludia
524 549 687 626 gignuntur
716 547 858 610 animalia.
904 548 1014 609 indicio
1042 553 1112 608 sunt
1134 564 1228 608 canes

206 638 380 717 grandiores
403 637 520 698 ceteris.
550 635 672 697 arbores
696 636 816 715 quidem
834 644 932 698 tantae
953 636 1142 717 proceritatis
1165 643 1256 697 tra-s

206 727 328 806 duntur,
351 731 386 785 ut
404 725 518 804 sagittis
537 727 684 804 superiaci
703 734 861 807 nequeant,
885 725 1001 786 etfacit
1020 712 1140 785 ubertas
1160 724 1228 806 soli,

206 816 367 894 temperies
391 813 473 893 caeli,
497 832 640 892 aquarum
663 813 851 896 abundantia,
873 816 900 876 si
921 813 1013 874 libeat
1036 812 1168 894 credere,
1191 820 1229 874 ut

207 903 263 965 sub
286 921 345 964 una
368 903 424 964 boo
447 910 562 964 turmae
585 903 752 964 condantur
775 905 917 983 equitum.
947 903 1131 964 harundines
1153 920 1227 964 vero

206 1000 305 1053 tantae
332 993 521 1071 proceritatis
553 1000 586 1052 ut
615 992 731 1070 singula
758 993 926 1054 internodia
957 991 1039 1054 alveo
1067 989 1228 1070 navigabili
1304 1045 1305 1066 ,

154 1086 187 1132 22
207 1089 311 1142 ternos
332 1081 484 1142 interdum
505 1080 641 1142 homiues
664 1081 769 1142 ierant.
812 1080 922 1142 multos
945 1080 988 1142 ibi
1010 1082 1101 1159 quina
1123 1079 1227 1142 cubita
1242 1095 1269 1134 10

207 1177 323 1231 constat
349 1170 533 1249 longitudine
561 1170 719 1251 excedere,
751 1188 811 1232 non
839 1188 999 1250 exspuere,
1031 1187 1091 1230 non
1118 1170 1226 1248 capitis
1303 1173 1305 1232 t

120 1267 121 1270 ’
206 1266 258 1321 aut
284 1259 419 1319 dentium
449 1267 499 1319 aut
526 1257 682 1320 oculorum
710 1258 769 1320 ullo
798 1258 900 1319 dolore
928 1259 1027 1339 adiici,
1059 1276 1127 1318 raro
1155 1257 1224 1318 alia-
1303 1317 1305 1362 ,

206 1366 274 1408 rum
297 1349 432 1427 corporis
454 1349 598 1428 partium,
628 1355 689 1412 tam
711 1347 864 1408 moderato
888 1347 958 1408 solis
980 1365 1089 1426 vapore
1113 1347 1224 1408 durari.
1303 1365 1305 1400 r

205 1435 397 1515 philosophos
417 1454 530 1517 eorum,
553 1455 629 1516 quos
647 1436 904 1516 gymnosophistas
923 1444 1037 1516 vocant,
1061 1434 1097 1497 ab
1116 1443 1225 1496 exortu

205 1525 242 1584 ad
266 1542 405 1584 occasum
426 1532 562 1603 perstare
585 1533 763 1586 contuentes
788 1525 882 1586 solem
904 1523 1095 1586 inmobilibus
1118 1524 1266 1604 oeulis,15

205 1612 390 1673 ferventibus
412 1613 532 1673 harenis
555 1621 619 1674 toto
642 1614 690 1674 die
713 1614 836 1676 alternis
858 1613 984 1693 pedibus
1007 1614 1155 1674 insistere.
1192 1616 1225 1673 in

205 1709 307 1762 monte
335 1703 384 1761 cui
411 1719 520 1762 nomen
548 1672 692 1764 estbrdo
716 1703 852 1765 homiues
882 1722 947 1764 esse
976 1703 1087 1764 aversis
1114 1701 1224 1782 plantis

206 1798 330 1851 octonos
339 1790 447 1869 digitos
461 1793 492 1850 in
503 1791 627 1870 singulis
636 1790 781 1862 habentes
796 1800 900 1854 auctor
910 1799 955 1852 est
965 1791 1223 1870 Megasthenes.
1293 1867 1295 1872 ,

177 1886 186 1932 a
206 1880 238 1938 in
256 1878 356 1940 multis
375 1887 474 1939 autem
493 1879 644 1940 montibus
663 1899 757 1960 genus
771 1881 926 1942 hominum
945 1879 1090 1958 capitibus
1110 1880 1223 1940 caninis

206 1968 338 2028 serarum
355 1967 483 2048 pellibus
501 1968 605 2049 velari,
623 1988 678 2048 pro
697 1988 770 2030 voce
788 1969 927 2031 latratum
946 1968 1049 2049 edere,
1073 1967 1224 2048 unguibus
1239 1983 1273 2021 20·

206 2064 352 2118 armatum
379 2065 487 2119 venatu
515 2065 545 2118 et
572 2061 699 2138 aucupio
727 2061 821 2139 vesci,
848 2058 957 2118 horum
984 2075 1075 2136 supra
1103 2065 1224 2119 centum

205 2148 310 2226 viginti
339 2146 419 2206 milia
448 2147 541 2208 fuisse
570 2148 717 2226 prodente
748 2166 780 2207 se
809 2147 951 2208 Ctesias
982 2145 1100 2227 scribit,
1132 2154 1163 2206 et
1192 2148 1224 2205 in

206 2236 333 2315 quadam
353 2243 440 2314 gente
459 2235 559 2297 Indiae
583 2237 707 2298 feminas
726 2236 818 2296 semel
841 2238 872 2296 in
891 2238 951 2296 vita
968 2253 1075 2315 parere
1094 2237 1223 2313 genitos·
1303 2255 1304 2268 ¹

207 2343 264 2403 que
288 2325 447 2385 confestim
469 2343 636 2385 canescere.
677 2324 771 2385 idem
793 2324 948 2386 hominum
970 2342 1064 2402 genus
1088 2326 1140 2403 qui
1163 2323 1223 2383 Mo·

205 2413 304 2474 nocoli
331 2420 475 2474 vocentur
508 2413 632 2493 singulis
665 2412 818 2495 cruribuS,
850 2415 942 2474 mirae
971 2414 1156 2493 pernicitatis
1187 2411 1223 2472 ad
1238 2426 1263 2466 as

204 2499 326 2580 saltum3
359 2502 480 2562 eosdem
504 2501 663 2581 Sciapodas
691 2504 804 2583 vocari,
833 2502 911 2581 quod
940 2504 971 2562 in
999 2503 1110 2562 maiore
1140 2509 1224 2562 aestu

204 2588 289 2650 humi
315 2591 446 2650 iacentes
474 2592 608 2669 resupini
631 2589 737 2653 umbra
765 2610 796 2652 se
819 2590 930 2670 pedum
952 2596 1119 2670 protegant.
1164 2608 1224 2650 non

204 2677 292 2757 longe
316 2696 368 2738 eos
391 2697 407 2738 a
430 2678 607 2759 Trogodytis
631 2679 744 2760 abesse,
767 2698 934 2759 rursusque
957 2678 993 2740 ab
1017 2678 1063 2740 his
1086 2679 1223 2740 occiden-

205 2775 267 2828 tem
285 2785 390 2828 versus
404 2767 548 2847 quosdam
567 2771 631 2830 sine
651 2771 767 2830 cervice
781 2769 884 2831 oculos
899 2770 931 2828 in
945 2769 1058 2838 umeris
1071 2765 1224 2829 habentes.

152 2863 188 2912 21
207 2864 278 2917 sunt
296 2863 327 2917 et
345 2859 436 2936 satyri
455 2856 622 2918 subsolanis
632 2857 778 2919 ludorum
796 2851 1264 2939 monubus(ssatarcludorun1o

207 2945 316 3006 dicitur
330 2938 438 3028 regio),
456 2948 698 3024 pernicissimum
712 2946 832 3028 animal,
852 2954 916 3009 tum
930 2943 1140 3026 quadripedeS,
1159 2951 1225 3004 tum

206 3042 289 3096 recte
317 3042 474 3094 currentes
501 3034 630 3096 bumana
658 3037 768 3117 effigie3
800 3042 925 3116 propter
952 3033 1138 3094 velocitatem
1166 3035 1224 3093 nisi

279 3259 344 3311 oet
362 3259 432 3314 coci.
451 3257 513 3314 sut
542 3265 632 3326 en.
661 3260 714 3314 hec
732 3259 776 3313 θ’.
803 3259 874 3314 haee
893 3258 953 3314 ια’.
980 3275 1031 3316 om.
1049 3275 1073 3312 r.
1134 3255 1225 3310 8fieu

206 3327 337 3382 ditabo.
408 3335 442 3383 15
461 3332 586 3401 perstare
605 3330 668 3384 adr.
696 3333 840 3402 praestare
858 3347 881 3386 r.
942 3336 974 3384 17
993 3329 1073 3384 nullo
1092 3327 1160 3382 1³¹1.

207 3404 240 3452 21
261 3415 405 3454 armaeum
422 3400 467 3454 12¹.
491 3401 575 3456 mori
591 3402 637 3456 κ’.
701 3408 735 3456 22
750 3407 815 3472 post
833 3419 862 3458 se
881 3401 955 3457 Doti.
969 3405 1106 3471 pandum
1119 3399 1225 3468 posuit,

206 3469 253 3524 sed
270 3485 295 3522 o.
311 3468 416 3526 Gnatae
432 3472 528 3542 reliqu.
547 3476 588 3528 ed.
602 3473 704 3528 Baebr.
719 3479 820 3542 p.252
839 3479 920 3530 cdo.
992 3477 1053 3528 245
1071 3470 1225 3525 monoseeli
1301 3473 1302 3504 i

206 3538 252 3597 3².
277 3540 368 3612 -oculi
382 3544 406 3594 d.
462 3548 496 3596 25
515 3546 650 3599 vocentur
669 3543 730 3598 aut.
750 3545 800 3611 cfr.
819 3545 872 3599 lue.
887 3562 918 3614 p.
927 3549 989 3599 117.
1013 3543 1139 3598 -arentur
1157 3541 1184 3596 u.
1198 3557 1224 3596 v.

280 3615 314 3664 26
333 3611 501 3681 eosdemque
520 3616 566 3670 do.
639 3621 674 3668 30
694 3613 939 3670 catharoludorum
957 3614 1086 3670 ilbodo.
