2620 3948
342 206 426 260 nur.
445 205 537 260 fflsr.
556 206 609 261 vn
628 212 733 263 as-so
752 209 879 278 (sa-eo)
1074 205 1117 270 53

90 355 221 436 Tiphys.
254 356 347 417 classe
370 357 511 436 princeps
534 355 712 434 depugnavit
733 353 837 416 Minos.
855 389 896 398 -
916 349 1046 439 (Animal
1069 374 1117 417 oc·

91 445 174 506 cidit
189 446 304 525 primus
319 443 487 524 Hyperbius
501 445 603 505 Martis
617 443 705 526 lilius,
722 442 919 506 Prometheus
934 438 1063 528 hovem.)
1074 478 1117 491 -

169 528 228 596 57.
253 527 327 615 (58)
356 533 495 594 Gentium
519 551 684 594 consensus
706 534 815 594 tacitus
837 536 953 612 primus
976 535 1171 595 omniumiio

93 624 282 703 conspirarit
305 630 339 683 ut
356 622 461 683 lonum
479 623 587 684 litteris
605 629 771 684 uterentur.
810 615 868 685 58.
892 631 1009 684 veteres
1028 622 1117 684 Grae·

60 729 151 772 scas
179 713 272 772 luisse
300 711 419 772 easdem
445 730 539 791 paene
568 729 644 790 quae
671 729 751 771 nune
779 711 839 772 sint
861 710 981 772 Latinae
1006 712 1117 772 indicio

93 802 159 861 erit
178 799 318 880 Delphica
341 802 454 879 antiqui
474 802 561 882 aeris,
584 817 660 879 quae
684 806 730 860 est
747 798 835 860 hodie
858 801 890 860 in
908 799 1020 860 Palatio
1040 801 1117 887 dono
1153 807 1219 850 W·

92 880 280 971 principumj
297 889 446 950 Minervae
461 889 557 950 dicata
572 887 617 966 [in
631 886 823 964 bibliotheca]
840 907 909 948 cum
922 891 1118 968 inscriptione

93 977 167 1038 tali:
207 989 439 1044 ΝΑΥΕΙΚΡΑΤΗ(
465 989 621 1044 ΑΝΕΘΕΤΟ
648 990 701 1043 ΤΑΙ
730 987 810 1044 Alo(
839 989 934 1043 ΚΟΡΑΙ
964 990 1031 1042 ΤΑΝ
1059 987 1119 1043 ΔΕ-

96 1078 214 1132 ΚΑΤΑΝ
244 1119 451 1134 ..........

46 1173 80 1212 ιο
170 1149 227 1215 59.
257 1148 332 1238 (59)
379 1143 514 1235 Sequens
536 1158 671 1234 gentium
694 1173 860 1216 cousensus
882 1157 914 1215 in
937 1153 1110 1216 tonsoribus
1119 1163 1170 1212 211

96 1244 172 1325 luit,
205 1244 256 1304 sed
284 1243 425 1304 Romanis
452 1244 572 1305 tardior.
618 1247 650 1304 in
676 1243 790 1305 ltaliam
818 1263 854 1304 ex
883 1244 982 1304 Sicilia
1010 1261 1119 1304 venere

96 1339 169 1412 post
183 1331 307 1392 Romam
325 1333 474 1393 conditam
492 1350 569 1394 anno
589 1345 758 1394 ccoonml
777 1333 941 1394 adducente
961 1333 992 1392 P.
1007 1332 1118 1393 Titinio
1163 1353 1167 1372 ¹

96 1421 200 1502 Mena,
222 1429 257 1483 ut
280 1429 384 1482 auctor
407 1431 453 1483 est
475 1421 589 1485 Varro.
631 1431 716 1482 antea
739 1424 851 1482 intonsi
874 1423 967 1482 luere.
1003 1423 1119 1501 primus

98 1512 235 1571 omnium
258 1511 322 1570 radi
343 1511 451 1571 cotidie
471 1513 602 1572 instituit
620 1511 776 1572 Africanus
795 1530 933 1592 sequens,
956 1510 1042 1571 divus
1060 1510 1118 1570 Au-

51 1614 83 1654 15
99 1607 208 1677 gustus
232 1599 336 1660 cultris
359 1618 478 1678 semper
500 1619 575 1660 usus
599 1608 652 1661 est.

171 1683 230 1748 60.
259 1681 332 1770 (60)
375 1688 496 1748 Tertius
520 1698 684 1750 consensus
708 1690 765 1750 luit
787 1691 819 1749 in
842 1689 985 1749 horarum
1008 1687 1172 1748 obser-212

99 1779 219 1837 vatione
245 1779 305 1836 iarn
331 1776 401 1837 hinc
429 1779 542 1838 ratione
571 1776 724 1838 accedens.
772 1778 888 1856 quando
912 1786 943 1838 et
966 1796 982 1836 a
1005 1796 1064 1856 quo
1088 1779 1120 1837 in

101 1863 225 1925 Graecia
248 1874 376 1948 reperta,
399 1865 527 1926 diximus
551 1867 682 1927 secundo
705 1866 863 1927 volumine.
894 1869 991 1926 serius
1016 1868 1173 1931 etiamtum

100 1953 160 2014 hoc
183 1953 293 2014 Romae
317 1956 450 2033 contigit.
488 1969 541 2016 ΧΗ
563 1953 672 2016 tabulis
696 1961 781 2016 ortus
803 1962 920 2015 tantum
943 1962 974 2014 et
996 1972 1121 2015 occasus

55 2059 88 2099 oo
101 2045 309 2125 nominantur,
337 2051 406 2122 post
433 2043 546 2122 aliquot
569 2062 662 2104 annos
690 2043 822 2104 adiectus
845 2053 892 2104 est
919 2052 949 2104 et
971 2043 1121 2123 meridies,

58 2184 64 2190 .
103 2149 230 2191 accenso
249 2133 405 2193 consulum
423 2132 454 2192 id
468 2135 690 2213 pronuntiante,
709 2150 778 2192 eum
792 2150 809 2190 a
823 2133 907 2192 curia
921 2133 999 2192 inter
1013 2130 1121 2191 Rostra

104 2227 135 2280 et
158 2219 374 2300 Graecostasim
396 2223 601 2301 prospexisset
623 2219 730 2301 solem3
753 2239 770 2280 a
793 2219 930 2280 columna
948 2219 1061 2280 Maenia
1085 2219 1121 2278 ad

104 2327 255 2370 carcerem
277 2309 419 2370 inclinato
442 2310 540 2370 sidere
564 2328 733 2390 supremam
753 2311 966 2389 pronuntiavit,
989 2309 1042 2369 sed
1064 2308 1122 2368 hoo

104 2400 219 2458 serenis
239 2405 356 2458 tantum
375 2397 489 2480 diehuS,
512 2417 607 2479 usque
632 2398 668 2459 ad
686 2400 817 2478 primum
834 2397 982 2459 Punicum
1001 2397 1121 2458 bellum.

59 2503 90 2544 es
104 2489 243 2567 princeps
266 2487 405 2548 Romanis
431 2487 572 2548 solarium
594 2487 782 2566 horologium
805 2489 944 2547 statuisse
968 2494 1036 2547 ante
1058 2493 1173 2547 x11213

177 2771 191 2818 1
210 2763 397 2834 tipllsstrasse
414 2770 446 2818 B.
474 2765 625 2834 typlicasse
644 2768 694 2834 (1.1
715 2764 820 2818 animal
831 2765 977 2820 —bovem
994 2765 1048 2818 hoe
1065 2779 1122 2818 ooo

102 2836 247 2904 pertinent.
276 2853 315 2890 an
332 2837 370 2890 ad
388 2840 404 2900 ς
422 2841 482 2892 202
501 2834 591 2890 eata?
664 2837 847 2889 tutarentur
865 2839 889 2888 d.
920 2837 1008 2890 -retur
1025 2852 1049 2889 r,

107 2911 121 2960 i
145 2922 229 2960 amcos
253 2923 300 2975 epo
322 2908 413 2975 poetri.
508 2911 525 2960 8
551 2906 820 2961 ΝΑΥΕΙΚΡΑΤΗΕυ
847 2908 913 2976 (iam
936 2907 998 2961 edit.
1019 2905 1126 2961 Veneto

105 2977 196 3046 1472).
225 2978 312 3031 ΑΔΥ-
329 2981 404 3031 Bai.
432 2977 487 3031 ᾱΥ-
505 2983 561 3031 Μ’.
590 2977 733 3033 -ΚΡΑΤΝΕ
755 2983 832 3030 Dra.
863 2979 868 3046 Ι
902 2977 1040 3032 aoeeeoo
1059 2982 1083 3031 d.
1114 2977 1119 3048 1

105 3048 156 3103 inl
174 3065 228 3118 eqo.
250 3049 303 3110 ΤΙΝ
321 3054 352 3102 B.
382 3050 412 3102 ΙΝ
431 3065 454 3102 r.
476 3050 481 3118 1
501 3049 587 3103 ΑΙΟΙΗ
607 3048 682 3103 Alo(
701 3053 725 3102 d.
746 3051 750 3116 Ι
771 3049 868 3104 ΚΟΡΑΙ
886 3049 954 3103 Dal.
981 3049 1069 3102 ΚΟΡΝ
1088 3053 1119 3103 12.

107 3120 169 3173 ΚΟΡ
186 3136 209 3173 r.
235 3121 240 3190 1
264 3120 332 3173 ΤΑΝ
354 3117 507 3174 Weloloeroe
524 3136 593 3174 mos.
611 3119 698 3174 Rheon.
716 3124 793 3174 1836
807 3124 916 3186 p 422.
944 3119 1015 3173 ΤΗΝ
1034 3125 1120 3173 ΒΜ.

106 3189 172 3244 ΤΥΝ
191 3210 216 3244 a.
245 3191 298 3244 ΙΗΝ
318 3193 342 3243 d.
425 3195 477 3244 8,9
497 3190 655 3245 ΔΕΚΛΤΛΝ
674 3196 703 3244 r.
726 3191 838 3245 -ATAN
858 3210 882 3244 a.
911 3190 1069 3246 hennino
1088 3195 1119 3243 B.

108 3261 212 3316 -ΚΑΙΑΝ
232 3267 256 3314 d.
278 3263 283 3330 l
303 3261 336 3316 io
354 3263 382 3316 ll.
400 3267 565 3330 eoqoontor:
584 3261 766 3317 ΗΔΔΕΞΙΟΔ
784 3267 862 3314 nra.
887 3263 976 3316 ΝΔΔ-
991 3265 1015 3314 d.
1040 3260 1121 3315 ΝΑΑ-

52 3341 55 3344 ’
106 3337 135 3385 Β.
161 3334 165 3398 l
189 3333 386 3389 ΔΙΟΝΟΟΝΑΕ
406 3337 486 3386 nra.
516 3333 661 3387 ΙΟΝΟΝΑΕ
680 3337 704 3386 d.
733 3331 963 3386 ΑΤΟΝΟΝΟΝΑΕ
981 3337 1012 3385 R,
1087 3337 1120 3385 12

107 3401 207 3458 Titinio
226 3403 319 3458 Hard.
342 3403 433 3458 thimio
452 3407 476 3457 d.
498 3402 609 3457 thinnio
627 3421 650 3457 r.
707 3409 740 3457 13
759 3417 821 3457 mae
839 3410 870 3457 1).
893 3419 928 3456 ne
947 3422 971 3456 a.
994 3417 1079 3455 mene
1095 3418 1119 3455 r.

176 3479 209 3527 18
227 3477 347 3544 reperte,
365 3473 486 3528 &ximus
504 3490 528 3530 o.
558 3474 598 3529 di·
617 3476 675 3528 -tae
695 3476 746 3544 (te
763 3476 827 3542 Bi.)
847 3475 874 3528 ll.
953 3471 1121 3526 mecurio

109 3546 182 3600 Ptol.
211 3545 329 3616 auguria
347 3547 388 3600 ll·
440 3551 474 3601 22
492 3546 668 3616 prospexisse
686 3545 774 3599 talem
793 3545 881 3598 solem
899 3544 940 3596 1¹2.
1007 3549 1040 3596 23
1061 3558 1119 3594 ear-

108 3632 196 3672 cerem
213 3619 275 3672 llo.
303 3634 397 3672 arcem
417 3617 474 3672 Url.
493 3619 568 3673 vind.
587 3635 616 3671 n.
626 3622 690 3674 168.
770 3614 1076 3670 25Romanis12.om.
1096 3626 1118 3662 r.

109 3689 114 3760 Ι
132 3687 183 3742 XII
200 3693 252 3742 lid.
276 3688 407 3744 undecim
425 3707 448 3743 r.
