2620 3948
364 153 448 208 Nau.
467 153 559 208 HIST.
578 154 617 207 IX
637 159 706 210 6-8
726 157 816 225 (tt-u)
868 159 873 169 “
1031 155 1092 220 117

76 304 173 368 etlam
194 305 291 363 omnia
315 303 346 363 in
369 305 454 381 aquis
477 305 591 381 spirare
615 311 737 364 naturae
761 321 833 364 suae
852 310 942 386 sorte,
964 307 1094 384 prinuun

75 409 170 470 saepe
193 391 331 452 adnotata
357 392 485 470 piscium
512 393 623 452 aestivo
651 392 749 452 calore
776 391 919 475 quaedam
948 393 1094 454 anhelatio

75 488 108 540 et
127 479 200 540 alias
218 479 378 560 tranquillo
397 480 477 540 velut
495 481 640 562 oscitatio,
663 481 797 560 ipsorum
817 499 935 561 quoque
955 484 1095 560 quisunt

74 571 107 628 in
133 568 257 628 adversa
281 569 421 648 opinione
444 569 480 628 de
504 587 608 629 somno
631 571 759 648 piscium
780 571 929 631 confessio
957 604 999 614 -
1028 573 1095 650 quis

49 658 160 718 sanim
192 658 255 718 sine
285 659 481 736 respiratione
512 675 616 720 somno
646 655 752 718 locus?
780 691 821 700 —
848 668 1002 739 praeterea
1030 659 1093 719 bul·

75 746 207 806 lentium
225 763 368 828 aqrrarum
388 744 515 806 sufflatio
534 745 681 825 lunaeque
696 747 803 808 ellectu
822 747 1003 808 concharum
1022 765 1094 826 qno·

76 853 136 913 que
162 852 289 913 corpora
312 836 510 912 augescentia.
552 853 642 914 super
665 837 763 895 omnia
782 843 828 896 est
851 837 931 915 quod
955 855 1019 897 esse
1044 855 1093 898 au·

75 922 174 982 ditum
206 931 237 982 et
264 921 421 982 odoratum
448 922 581 1002 piscibus
608 941 668 982 non
697 925 754 984 erit
784 923 920 1004 dubium,
953 944 988 985 ex
1017 927 1094 986 aeris

75 1018 242 1089 utrumque
270 1012 402 1072 materia.
448 1009 571 1072 odorem
597 1012 717 1090 quidem
745 1031 805 1072 non
828 1012 907 1073 aliud
935 1032 1023 1092 qnam
1050 1016 1093 1072 in-

38 1113 62 1152 10
76 1101 192 1160 lectum
216 1105 284 1160 adra
307 1099 438 1178 intellegi
460 1101 564 1180 possit.
610 1100 803 1178 ‹pramobrem
826 1101 862 1162 de
885 1101 932 1162 his
955 1104 1094 1181 opinetur

76 1196 110 1248 ut
133 1190 246 1266 cuique
269 1188 386 1249 libitum
410 1189 475 1250 erit.
520 1187 679 1250 branchiae
703 1207 763 1250 non
782 1198 852 1251 suut
874 1189 1016 1251 ballaenis
1039 1208 1094 1251 nec
1114 1201 1147 1250 11

76 1277 236 1358 delphinis.
282 1277 355 1338 baec
383 1277 443 1338 duo
471 1273 580 1356 genera
606 1277 704 1339 fistula
732 1280 845 1359 spirant
873 1297 947 1358 quae
971 1279 1007 1339 ad
1030 1279 1094 1359 pul·

76 1383 199 1426 monem
217 1367 361 1447 pertinet,
384 1364 526 1427 ballaenis
549 1385 565 1426 a
587 1367 699 1448 fronte,
722 1367 869 1447 delphinis
893 1368 1026 1428 adorso.
1065 1377 1096 1429 et
1160 1361 1163 1368 ’

77 1453 162 1514 vituli
186 1455 304 1536 marini,
328 1473 403 1533 quos
426 1463 533 1518 vocant
555 1455 674 1536 phocas,
698 1458 812 1535 spirant
834 1475 869 1516 ae
889 1457 1041 1524 dormiunt
1063 1458 1094 1516 in

39 1555 62 1594 1⁵
86 1551 175 1602 terra.
223 1545 296 1603 item
319 1544 494 1625 testudines,
517 1544 553 1604 de
578 1543 686 1622 quibus
709 1563 777 1605 mox
799 1545 893 1625 plura.
1101 1537 1148 1640 ,22

145 1625 180 1694 8.
208 1623 260 1713 (l)
293 1631 518 1694 Velocissimum
545 1635 678 1694 omnium
701 1635 885 1716 animalium,
913 1653 975 1695 non
997 1631 1094 1697 solum
1113 1648 1148 1698 1ο

77 1722 279 1802 marinorum,
309 1728 354 1781 est
381 1719 537 1800 delphinus
564 1723 649 1782 ocior
670 1721 804 1804 ¹volucre,
835 1725 932 1784 aerior
955 1723 1029 1805 telo,
1060 1741 1095 1784 ac

78 1810 135 1869 nisi
162 1808 294 1869 multum
319 1809 397 1870 infra
425 1818 558 1872 rostrum
586 1829 620 1871 os
647 1811 689 1872 illi
717 1813 795 1872 loret
821 1813 919 1872 medio
946 1830 1040 1892 paene
1064 1814 1096 1872 in

80 1905 195 1979 ventre,
220 1897 320 1958 nullus
342 1901 468 1977 piscium
492 1899 675 1961 celeritatem
695 1902 759 1961 eius
778 1901 924 1961 evaderet.
970 1900 1022 1962 sed
1046 1899 1095 1960 ad-

42 1996 67 2036 10
81 1985 138 2046 lert
161 2003 278 2048 moram
300 1987 484 2066 providentia
508 1997 645 2069 naturae,
675 1991 744 2066 quia
766 1991 824 2048 nisi
851 1991 984 2068 resupini
1007 1997 1096 2068 atque

81 2076 220 2136 conversi
243 2093 303 2135 non
327 2077 503 2158 corripiunt,
527 2095 602 2156 quae
621 2095 709 2137 eausa
727 2079 887 2156 praecipue
910 2077 1098 2138 velocitatem

82 2181 185 2224 corum
211 2164 349 2224 ostendit.
395 2183 463 2226 nam
483 2183 550 2226 cum
569 2166 646 2226 same
665 2167 775 2226 conciti
793 2165 957 2244 lugientem
975 2168 1007 2225 in
1025 2165 1098 2225 vada

81 2253 138 2312 ima
157 2255 311 2332 persecuti
329 2255 441 2333 piscem
465 2254 576 2314 diutins
601 2256 738 2334 spiritum
761 2255 945 2335 continuere,
968 2261 1002 2315 ut
1025 2271 1098 2314 arcu

82 2342 183 2402 emissi
212 2341 248 2402 ad
276 2342 483 2422 respirandum
512 2345 639 2404 emicant
672 2350 813 2421 tantaque
841 2345 869 2402 vi
897 2343 1037 2404 exsiliunt
1063 2349 1098 2403 ut

45 2438 68 2478 ²⁵
82 2427 258 2510 plerumque
273 2430 336 2490 uela
357 2433 475 2491 navium
489 2431 680 2492 transvolent.
708 2439 850 2511 vagantur
869 2431 932 2492 sere
952 2433 1098 2513 coniugia,
1115 2447 1148 2498 21

83 2521 203 2594 pariunt
226 2519 340 2579 eatuulos
364 2520 478 2580 decimo
498 2538 600 2579 mense
624 2522 736 2580 aestivo
754 2530 899 2602 tempore,
921 2522 1044 2582 interim
1067 2527 1097 2580 ot

84 2603 176 2669 binos.
224 2609 362 2669 nutriunt
384 2607 538 2691 uberibus,
562 2611 640 2670 sient
663 2608 803 2690 ballaena,
827 2618 915 2689 atque
935 2611 1024 2670 etiam
1047 2627 1096 2688 ge·

85 2701 162 2756 stant
189 2697 270 2757 letus
297 2699 420 2758 infantia
445 2697 589 2758 infirmos.
617 2700 707 2777 ·qnin
735 2706 765 2758 et
789 2697 904 2759 adultos
932 2697 982 2759 diu
1007 2699 1097 2762 comi·

85 2788 184 2846 tantnr
206 2804 313 2866 magna
336 2803 406 2865 erga
428 2791 548 2865 partum
571 2787 702 2847 caritate.
753 2786 926 2847 adolescunt
948 2786 1096 2867 celeriter,
1115 2802 1149 2852 22
1177 2811 1179 2818 ·

49 2880 108 2930 lix
138 2877 223 2936 annis
252 2883 396 2954 putantur
426 2874 462 2934 ad
494 2891 639 2936 summam
668 2875 901 2954 magnitudinem
931 2876 1096 2954 peruenire.

85 2962 184 3024 viurnt
207 2972 237 3024 et
260 2965 396 3044 tricenis,
426 2963 504 3042 quod
534 2965 687 3042 cognitum
713 2966 846 3043 praecisa
874 2963 966 3024 cauda
993 2965 1024 3023 in
1048 2982 1097 3022 ex·

86 3051 290 3124 perimentum.
336 3052 487 3113 abduntur
509 3053 633 3112 tricenis
657 3051 762 3112 diebus
789 3054 868 3112 circa
892 3054 973 3113 canis
997 3059 1097 3113 ortum

88 3139 330 3220 occultanturque
353 3142 504 3219 incognito
528 3140 625 3222 modo,
649 3140 728 3220 quod
747 3158 782 3201 eo
801 3142 894 3220 magis
913 3143 1022 3208 mirum
1042 3147 1096 3222 est,

86 3270 293 3293 Ἢ

155 3347 260 3402 balias
277 3347 506 3403 Dataliallo.
597 3345 724 3402 411111
751 3346 841 3402 sedr.
876 3348 881 3416 Ι
915 3346 1095 3402 confession.

89 3415 746 3502 11111.1111111191.-1111.1111.
849 3417 1095 3488 lttpertinetepo.

90 3485 218 3543 mentha
274 3495 307 3544 12
327 3505 391 3544 enm
409 3489 562 3544 11111111
590 3506 685 3558 quer.
744 3494 778 3544 23
798 3493 934 3542 arcolio.
963 3487 1095 3542 eume²

90 3566 170 3610 ’.111
221 3565 255 3614 24
271 3559 365 3615 emissi
381 3565 434 3616 Ro.
457 3559 576 3615 missin.
594 3562 748 3629 ltontaque
766 3559 797 3614 ui
814 3578 838 3612 a.
867 3559 964 3626 -taque
981 3557 1026 3611 111.
1054 3559 1096 3610 -ta

90 3622 165 3688 <luit
201 3630 429 3702 abnegantium
445 3629 1096 3702 εις-1111111111.ο1ς-Μ.11111ο1ς111111
