<?xml version="1.0" encoding="UTF-8"?>
<!DOCTYPE html PUBLIC "-//W3C//DTD XHTML 1.0 Transitional//EN"
    "http://www.w3.org/TR/xhtml1/DTD/xhtml1-transitional.dtd">
<html xmlns="http://www.w3.org/1999/xhtml" xml:lang="en" lang="en">
 <head>
  <title>
</title>
<meta http-equiv="Content-Type" content="text/html;charset=utf-8" />
  <meta name='ocr-system' content='tesseract 3.04.00' />
  <meta name='ocr-capabilities' content='ocr_page ocr_carea ocr_par ocr_line ocrx_word'/>
</head>
<body>
  <div class='ocr_page' id='page_1' title='image "./cplinisecundina02mayhgoog_0365.png"; bbox 0 0 2624 3954; ppageno 0'>
   <div class='ocr_carea' id='block_1_1' title="bbox 214 111 890 180">
    <p class='ocr_par' dir='ltr' id='par_1_1' title="bbox 214 111 890 180">
     <span class='ocr_line' id='line_1_1' title="bbox 214 111 890 180; baseline 0 -13"><span class='ocrx_word' id='word_1_1' title='bbox 214 113 280 180; x_wconf 80' lang='grc'>320</span> <span class='ocrx_word' id='word_1_2' title='bbox 565 112 595 168; x_wconf 81' lang='lat' dir='ltr'>C.</span> <span class='ocrx_word' id='word_1_3' title='bbox 613 112 713 168; x_wconf 82' lang='lat' dir='ltr'>PLINI</span> <span class='ocrx_word' id='word_1_4' title='bbox 732 111 890 168; x_wconf 80' lang='lat' dir='ltr'>SECUNDI</span> 
     </span>
    </p>
   </div>
   <div class='ocr_carea' id='block_1_2' title="bbox 42 261 1294 2839">
    <p class='ocr_par' dir='ltr' id='par_1_2' title="bbox 42 261 1294 2839">
     <span class='ocr_line' id='line_1_2' title="bbox 213 261 1232 343; baseline -0.002 -17"><span class='ocrx_word' id='word_1_5' title='bbox 213 264 249 326; x_wconf 87' lang='lat' dir='ltr'>ad</span> <span class='ocrx_word' id='word_1_6' title='bbox 277 263 479 326; x_wconf 88' lang='lat' dir='ltr'>scandendum</span> <span class='ocrx_word' id='word_1_7' title='bbox 506 263 630 324; x_wconf 89' lang='lat' dir='ltr'>orientis</span> <span class='ocrx_word' id='word_1_8' title='bbox 658 281 690 324; x_wconf 90' lang='lat' dir='ltr'>se</span> <span class='ocrx_word' id='word_1_9' title='bbox 718 261 836 343; x_wconf 91' lang='lat' dir='ltr'>populis</span> <span class='ocrx_word' id='word_1_10' title='bbox 862 261 1009 343; x_wconf 79' lang='lat' dir='ltr'>praebent</span> <span class='ocrx_word' id='word_1_11' title='bbox 1034 261 1148 324; x_wconf 91' lang='lat' dir='ltr'>vitilem</span> <span class='ocrx_word' id='word_1_12' title='bbox 1175 262 1232 324; x_wconf 89' lang='lat' dir='ltr'>sibi</span> 
     </span>
     <span class='ocr_line' id='line_1_3' title="bbox 212 351 1231 434; baseline -0.002 -20"><span class='ocrx_word' id='word_1_13' title='bbox 212 352 372 434; x_wconf 88' lang='lat' dir='ltr'>arborique</span> <span class='ocrx_word' id='word_1_14' title='bbox 395 351 507 414; x_wconf 86' lang='lat' dir='ltr'>indutis</span> <span class='ocrx_word' id='word_1_15' title='bbox 534 351 681 413; x_wconf 88' lang='lat' dir='ltr'>circulum</span> <span class='ocrx_word' id='word_1_16' title='bbox 708 353 784 413; x_wconf 90' lang='lat' dir='ltr'>mira</span> <span class='ocrx_word' id='word_1_17' title='bbox 810 353 987 431; x_wconf 75' lang='lat' dir='ltr'>pernicitate</span> <span class='ocrx_word' id='word_1_18' title='bbox 1015 370 1084 413; x_wconf 89' lang='lat' dir='ltr'>oum</span> <span class='ocrx_word' id='word_1_19' title='bbox 1109 352 1231 414; x_wconf 89' lang='lat' dir='ltr'>bomine</span> 
     </span>
     <span class='ocr_line' id='line_1_4' title="bbox 160 441 1232 522; baseline -0.001 -20"><span class='ocrx_word' id='word_1_20' title='bbox 160 451 195 502; x_wconf 82' lang='lat'>30</span> <span class='ocrx_word' id='word_1_21' title='bbox 214 441 402 504; x_wconf 80' lang='lat' dir='ltr'>subeuntem.</span> <span class='ocrx_word' id='word_1_22' title='bbox 428 458 523 502; x_wconf 80' lang='lat' dir='ltr'>coma</span> <span class='ocrx_word' id='word_1_23' title='bbox 541 442 638 502; x_wconf 90' lang='lat' dir='ltr'>omnis</span> <span class='ocrx_word' id='word_1_24' title='bbox 661 443 693 502; x_wconf 92' lang='lat' dir='ltr'>in</span> <span class='ocrx_word' id='word_1_25' title='bbox 716 443 869 502; x_wconf 73' lang='lat' dir='ltr'>cacumine</span> <span class='ocrx_word' id='word_1_26' title='bbox 893 448 924 502; x_wconf 92' lang='lat' dir='ltr'>et</span> <span class='ocrx_word' id='word_1_27' title='bbox 946 459 1069 521; x_wconf 87' lang='lat' dir='ltr'>pomum</span> <span class='ocrx_word' id='word_1_28' title='bbox 1089 449 1148 522; x_wconf 83' lang='lat' dir='ltr'>est,</span> <span class='ocrx_word' id='word_1_29' title='bbox 1170 460 1232 502; x_wconf 89' lang='lat' dir='ltr'>non</span> 
     </span>
     <span class='ocr_line' id='line_1_5' title="bbox 212 530 1231 612; baseline 0 -20"><span class='ocrx_word' id='word_1_30' title='bbox 212 533 291 593; x_wconf 91' lang='lat' dir='ltr'>inter</span> <span class='ocrx_word' id='word_1_31' title='bbox 314 530 384 592; x_wconf 87' lang='lat' dir='ltr'>lolia</span> <span class='ocrx_word' id='word_1_32' title='bbox 406 530 478 612; x_wconf 87' lang='lat' dir='ltr'>boe,</span> <span class='ocrx_word' id='word_1_33' title='bbox 505 532 593 591; x_wconf 90' lang='lat' dir='ltr'>utin</span> <span class='ocrx_word' id='word_1_34' title='bbox 616 531 739 610; x_wconf 87' lang='lat' dir='ltr'>ceteris,</span> <span class='ocrx_word' id='word_1_35' title='bbox 766 530 819 591; x_wconf 90' lang='lat' dir='ltr'>sed</span> <span class='ocrx_word' id='word_1_36' title='bbox 847 531 910 591; x_wconf 86' lang='lat' dir='ltr'>suis</span> <span class='ocrx_word' id='word_1_37' title='bbox 936 532 1017 592; x_wconf 87' lang='lat' dir='ltr'>iuter</span> <span class='ocrx_word' id='word_1_38' title='bbox 1045 548 1143 592; x_wconf 89' lang='lat' dir='ltr'>ramos</span> <span class='ocrx_word' id='word_1_39' title='bbox 1170 530 1231 610; x_wconf 89' lang='lat' dir='ltr'>pal·</span> 
     </span>
     <span class='ocr_line' id='line_1_6' title="bbox 211 619 1256 700; baseline -0.001 -19"><span class='ocrx_word' id='word_1_40' title='bbox 211 619 335 681; x_wconf 89' lang='lat' dir='ltr'>mitibus</span> <span class='ocrx_word' id='word_1_41' title='bbox 354 637 550 700; x_wconf 84' lang='lat' dir='ltr'>racemosum,</span> <span class='ocrx_word' id='word_1_42' title='bbox 574 626 700 698; x_wconf 87' lang='lat' dir='ltr'>utraque</span> <span class='ocrx_word' id='word_1_43' title='bbox 719 626 826 680; x_wconf 90' lang='lat' dir='ltr'>natura</span> <span class='ocrx_word' id='word_1_44' title='bbox 844 637 917 680; x_wconf 92' lang='lat' dir='ltr'>uvae</span> <span class='ocrx_word' id='word_1_45' title='bbox 937 627 1026 699; x_wconf 83' lang='lat' dir='ltr'>atquo</span> <span class='ocrx_word' id='word_1_46' title='bbox 1044 622 1133 700; x_wconf 78' lang='lat' dir='ltr'>pomi</span> <span class='ocrx_word' id='word_1_47' title='bbox 1161 619 1256 680; x_wconf 85' lang='lat' dir='ltr'>lolia⁵</span> 
     </span>
     <span class='ocr_line' id='line_1_7' title="bbox 213 707 1232 788; baseline -0.001 -18"><span class='ocrx_word' id='word_1_48' title='bbox 213 709 340 771; x_wconf 88' lang='lat' dir='ltr'>cultrato</span> <span class='ocrx_word' id='word_1_49' title='bbox 362 726 506 770; x_wconf 90' lang='lat' dir='ltr'>mucrone</span> <span class='ocrx_word' id='word_1_50' title='bbox 529 707 673 770; x_wconf 91' lang='lat' dir='ltr'>lateribus</span> <span class='ocrx_word' id='word_1_51' title='bbox 696 709 727 768; x_wconf 89' lang='lat' dir='ltr'>iu</span> <span class='ocrx_word' id='word_1_52' title='bbox 751 725 817 769; x_wconf 88' lang='lat' dir='ltr'>sese</span> <span class='ocrx_word' id='word_1_53' title='bbox 840 707 929 770; x_wconf 86' lang='lat' dir='ltr'>bifida</span> <span class='ocrx_word' id='word_1_54' title='bbox 950 707 1073 770; x_wconf 83' lang='lat' dir='ltr'>tabellas</span> <span class='ocrx_word' id='word_1_55' title='bbox 1100 710 1232 788; x_wconf 90' lang='lat' dir='ltr'>primum</span> 
     </span>
     <span class='ocr_line' id='line_1_8' title="bbox 212 796 1231 879; baseline 0 -21"><span class='ocrx_word' id='word_1_56' title='bbox 212 797 454 860; x_wconf 79' lang='lat' dir='ltr'><strong>demonstravere</strong></span> <span class='ocrx_word' id='word_1_57' title='bbox 477 797 624 879; x_wconf 79' lang='lat' dir='ltr'>geminas,</span> <span class='ocrx_word' id='word_1_58' title='bbox 652 815 732 858; x_wconf 89' lang='lat' dir='ltr'>nunc</span> <span class='ocrx_word' id='word_1_59' title='bbox 756 796 792 858; x_wconf 89' lang='lat' dir='ltr'>ad</span> <span class='ocrx_word' id='word_1_60' title='bbox 815 797 904 860; x_wconf 82' lang='lat' dir='ltr'>funes</span> <span class='ocrx_word' id='word_1_61' title='bbox 926 797 1112 877; x_wconf 80' lang='lat' dir='ltr'>vitiliumque</span> <span class='ocrx_word' id='word_1_62' title='bbox 1135 815 1231 860; x_wconf 90' lang='lat' dir='ltr'>nexus</span> 
     </span>
     <span class='ocr_line' id='line_1_9' title="bbox 159 885 1230 968; baseline 0 -20"><span class='ocrx_word' id='word_1_63' title='bbox 159 897 192 948; x_wconf 90' lang='grc'>31</span> <span class='ocrx_word' id='word_1_64' title='bbox 213 894 244 950; x_wconf 90' lang='lat' dir='ltr'>et</span> <span class='ocrx_word' id='word_1_65' title='bbox 271 888 401 967; x_wconf 87' lang='lat' dir='ltr'>capitum</span> <span class='ocrx_word' id='word_1_66' title='bbox 427 886 502 948; x_wconf 90' lang='lat' dir='ltr'>levia</span> <span class='ocrx_word' id='word_1_67' title='bbox 527 885 702 948; x_wconf 90' lang='lat' dir='ltr'>umbracula</span> <span class='ocrx_word' id='word_1_68' title='bbox 728 885 891 949; x_wconf 85' lang='lat' dir='ltr'>finduntur.</span> <span class='ocrx_word' id='word_1_69' title='bbox 941 885 1112 968; x_wconf 79' lang='lat' dir='ltr'>arboribus,</span> <span class='ocrx_word' id='word_1_70' title='bbox 1138 889 1230 948; x_wconf 91' lang='lat' dir='ltr'>immo</span> 
     </span>
     <span class='ocr_line' id='line_1_10' title="bbox 210 974 1231 1056; baseline -0.001 -19"><span class='ocrx_word' id='word_1_71' title='bbox 210 978 311 1056; x_wconf 86' lang='lat' dir='ltr'>potius</span> <span class='ocrx_word' id='word_1_72' title='bbox 335 975 474 1037; x_wconf 89' lang='lat' dir='ltr'>omnibus</span> <span class='ocrx_word' id='word_1_73' title='bbox 492 993 568 1055; x_wconf 88' lang='lat' dir='ltr'>quae</span> <span class='ocrx_word' id='word_1_74' title='bbox 590 983 671 1036; x_wconf 89' lang='lat' dir='ltr'>terra</span> <span class='ocrx_word' id='word_1_75' title='bbox 693 977 793 1054; x_wconf 82' lang='lat' dir='ltr'>gignat</span> <span class='ocrx_word' id='word_1_76' title='bbox 816 974 978 1056; x_wconf 85' lang='lat' dir='ltr'>herbisque</span> <span class='ocrx_word' id='word_1_77' title='bbox 1002 978 1092 1038; x_wconf 85' lang='lat' dir='ltr'>etiam</span> <span class='ocrx_word' id='word_1_78' title='bbox 1114 983 1231 1039; x_wconf 87' lang='lat' dir='ltr'>utrum·</span> 
     </span>
     <span class='ocr_line' id='line_1_11' title="bbox 212 1063 1271 1146; baseline 0.001 -21"><span class='ocrx_word' id='word_1_79' title='bbox 212 1083 271 1145; x_wconf 90' lang='lat' dir='ltr'>que</span> <span class='ocrx_word' id='word_1_80' title='bbox 295 1083 361 1126; x_wconf 89' lang='lat' dir='ltr'>esse</span> <span class='ocrx_word' id='word_1_81' title='bbox 389 1083 494 1126; x_wconf 90' lang='lat' dir='ltr'>sexum</span> <span class='ocrx_word' id='word_1_82' title='bbox 522 1063 740 1145; x_wconf 77' lang='lat' dir='ltr'>diligentissimi</span> <span class='ocrx_word' id='word_1_83' title='bbox 766 1071 891 1126; x_wconf 88' lang='lat' dir='ltr'>naturae</span> <span class='ocrx_word' id='word_1_84' title='bbox 919 1063 1055 1146; x_wconf 90' lang='lat' dir='ltr'>tradunt,</span> <span class='ocrx_word' id='word_1_85' title='bbox 1087 1065 1166 1144; x_wconf 91' lang='lat' dir='ltr'>quod</span> <span class='ocrx_word' id='word_1_86' title='bbox 1199 1067 1271 1126; x_wconf 88' lang='lat' dir='ltr'>in1⁰</span> 
     </span>
     <span class='ocr_line' id='line_1_12' title="bbox 211 1152 1231 1235; baseline 0.002 -21"><span class='ocrx_word' id='word_1_87' title='bbox 211 1153 334 1234; x_wconf 89' lang='lat' dir='ltr'>plenum</span> <span class='ocrx_word' id='word_1_88' title='bbox 357 1155 428 1216; x_wconf 90' lang='lat' dir='ltr'>satis</span> <span class='ocrx_word' id='word_1_89' title='bbox 452 1155 491 1216; x_wconf 90' lang='lat' dir='ltr'>sit</span> <span class='ocrx_word' id='word_1_90' title='bbox 514 1153 624 1216; x_wconf 85' lang='lat' dir='ltr'>dixisse</span> <span class='ocrx_word' id='word_1_91' title='bbox 646 1153 704 1214; x_wconf 88' lang='lat' dir='ltr'>boc</span> <span class='ocrx_word' id='word_1_92' title='bbox 727 1155 759 1214; x_wconf 93' lang='lat' dir='ltr'>in</span> <span class='ocrx_word' id='word_1_93' title='bbox 780 1152 857 1235; x_wconf 87' lang='lat' dir='ltr'>loco,</span> <span class='ocrx_word' id='word_1_94' title='bbox 879 1152 969 1216; x_wconf 89' lang='lat' dir='ltr'>nullis</span> <span class='ocrx_word' id='word_1_95' title='bbox 993 1161 1092 1215; x_wconf 86' lang='lat' dir='ltr'>tamen</span> <span class='ocrx_word' id='word_1_96' title='bbox 1115 1153 1231 1216; x_wconf 87' lang='lat' dir='ltr'>arbori·</span> 
     </span>
     <span class='ocr_line' id='line_1_13' title="bbox 212 1241 1232 1324; baseline 0.003 -21"><span class='ocrx_word' id='word_1_97' title='bbox 212 1242 269 1305; x_wconf 87' lang='lat' dir='ltr'>bus</span> <span class='ocrx_word' id='word_1_98' title='bbox 292 1244 488 1305; x_wconf 85' lang='lat' dir='ltr'>manifestius.</span> <span class='ocrx_word' id='word_1_99' title='bbox 534 1259 597 1304; x_wconf 88' lang='lat' dir='ltr'>mas</span> <span class='ocrx_word' id='word_1_100' title='bbox 619 1241 740 1323; x_wconf 91' lang='lat' dir='ltr'>palmite</span> <span class='ocrx_word' id='word_1_101' title='bbox 763 1241 865 1324; x_wconf 85' lang='lat' dir='ltr'>floret,</span> <span class='ocrx_word' id='word_1_102' title='bbox 892 1243 1002 1304; x_wconf 81' lang='lat' dir='ltr'>semina</span> <span class='ocrx_word' id='word_1_103' title='bbox 1025 1244 1101 1304; x_wconf 89' lang='lat' dir='ltr'>citra</span> <span class='ocrx_word' id='word_1_104' title='bbox 1123 1243 1232 1306; x_wconf 87' lang='lat' dir='ltr'>florem</span> 
     </span>
     <span class='ocr_line' id='line_1_14' title="bbox 202 1330 1232 1412; baseline 0.002 -20"><span class='ocrx_word' id='word_1_105' title='bbox 202 1334 359 1410; x_wconf 69' lang='lat' dir='ltr'>germinat</span> <span class='ocrx_word' id='word_1_106' title='bbox 389 1337 506 1394; x_wconf 91' lang='lat' dir='ltr'>tantum</span> <span class='ocrx_word' id='word_1_107' title='bbox 539 1333 637 1412; x_wconf 86' lang='lat' dir='ltr'>spicae</span> <span class='ocrx_word' id='word_1_108' title='bbox 670 1330 768 1393; x_wconf 89' lang='lat' dir='ltr'>modo.</span> <span class='ocrx_word' id='word_1_109' title='bbox 822 1333 960 1412; x_wconf 90' lang='lat' dir='ltr'>utrisque</span> <span class='ocrx_word' id='word_1_110' title='bbox 997 1339 1097 1394; x_wconf 88' lang='lat' dir='ltr'>autem</span> <span class='ocrx_word' id='word_1_111' title='bbox 1133 1334 1232 1412; x_wconf 88' lang='lat' dir='ltr'>prima</span> 
     </span>
     <span class='ocr_line' id='line_1_15' title="bbox 211 1415 1233 1503; baseline 0.002 -23"><span class='ocrx_word' id='word_1_112' title='bbox 211 1423 344 1482; x_wconf 89' lang='lat' dir='ltr'>nascitur</span> <span class='ocrx_word' id='word_1_113' title='bbox 366 1423 448 1500; x_wconf 89' lang='lat' dir='ltr'>pomi</span> <span class='ocrx_word' id='word_1_114' title='bbox 470 1438 554 1502; x_wconf 88' lang='lat' dir='ltr'>caro,</span> <span class='ocrx_word' id='word_1_115' title='bbox 579 1428 685 1501; x_wconf 88' lang='lat' dir='ltr'>postea</span> <span class='ocrx_word' id='word_1_116' title='bbox 707 1419 821 1500; x_wconf 82' lang='lat' dir='ltr'>lignum</span> <span class='ocrx_word' id='word_1_117' title='bbox 848 1415 944 1503; x_wconf 77' lang='lat' dir='ltr'>intus,</span> <span class='ocrx_word' id='word_1_118' title='bbox 970 1420 1028 1482; x_wconf 90' lang='lat' dir='ltr'>boc</span> <span class='ocrx_word' id='word_1_119' title='bbox 1058 1428 1104 1483; x_wconf 86' lang='lat' dir='ltr'>est</span> <span class='ocrx_word' id='word_1_120' title='bbox 1126 1439 1233 1484; x_wconf 85' lang='lat' dir='ltr'>semen</span> 
     </span>
     <span class='ocr_line' id='line_1_16' title="bbox 211 1509 1270 1591; baseline 0.002 -21"><span class='ocrx_word' id='word_1_121' title='bbox 211 1511 285 1570; x_wconf 85' lang='lat' dir='ltr'>eius.</span> <span class='ocrx_word' id='word_1_122' title='bbox 331 1517 553 1591; x_wconf 77' lang='lat' dir='ltr'>argumentum,</span> <span class='ocrx_word' id='word_1_123' title='bbox 576 1510 656 1590; x_wconf 93' lang='lat' dir='ltr'>quod</span> <span class='ocrx_word' id='word_1_124' title='bbox 678 1527 785 1590; x_wconf 87' lang='lat' dir='ltr'>parvae</span> <span class='ocrx_word' id='word_1_125' title='bbox 809 1510 874 1570; x_wconf 92' lang='lat' dir='ltr'>sine</span> <span class='ocrx_word' id='word_1_126' title='bbox 896 1509 954 1572; x_wconf 92' lang='lat' dir='ltr'>boc</span> <span class='ocrx_word' id='word_1_127' title='bbox 982 1511 1176 1589; x_wconf 90' lang='lat' dir='ltr'>reperiuntur</span> <span class='ocrx_word' id='word_1_128' title='bbox 1200 1513 1234 1572; x_wconf 89' lang='lat' dir='ltr'>in</span> <span class='ocrx_word' id='word_1_129' title='bbox 1248 1522 1270 1562; x_wconf 80' lang='lat'>1⁵</span> 
     </span>
     <span class='ocr_line' id='line_1_17' title="bbox 157 1597 1233 1682; baseline 0.001 -21"><span class='ocrx_word' id='word_1_130' title='bbox 157 1611 192 1661; x_wconf 89' lang='grc'>33</span> <span class='ocrx_word' id='word_1_131' title='bbox 211 1598 316 1659; x_wconf 89' lang='lat' dir='ltr'>eodem</span> <span class='ocrx_word' id='word_1_132' title='bbox 338 1597 468 1677; x_wconf 77' lang='lat' dir='ltr'>palmite.</span> <span class='ocrx_word' id='word_1_133' title='bbox 513 1607 559 1660; x_wconf 88' lang='lat' dir='ltr'>est</span> <span class='ocrx_word' id='word_1_134' title='bbox 582 1607 682 1660; x_wconf 90' lang='lat' dir='ltr'>autem</span> <span class='ocrx_word' id='word_1_135' title='bbox 705 1598 880 1682; x_wconf 80' lang='lat' dir='ltr'>oblongum,</span> <span class='ocrx_word' id='word_1_136' title='bbox 902 1617 963 1660; x_wconf 89' lang='lat' dir='ltr'>non</span> <span class='ocrx_word' id='word_1_137' title='bbox 985 1606 1020 1660; x_wconf 91' lang='lat' dir='ltr'>ut</span> <span class='ocrx_word' id='word_1_138' title='bbox 1042 1597 1127 1660; x_wconf 89' lang='lat' dir='ltr'>olivis</span> <span class='ocrx_word' id='word_1_139' title='bbox 1150 1599 1233 1662; x_wconf 91' lang='lat' dir='ltr'>orbi·</span> 
     </span>
     <span class='ocr_line' id='line_1_18' title="bbox 211 1686 1234 1768; baseline 0.002 -20"><span class='ocrx_word' id='word_1_140' title='bbox 211 1686 352 1768; x_wconf 79' lang='lat' dir='ltr'>sulatum,</span> <span class='ocrx_word' id='word_1_141' title='bbox 373 1694 529 1766; x_wconf 90' lang='lat' dir='ltr'>praeterea</span> <span class='ocrx_word' id='word_1_142' title='bbox 550 1706 673 1749; x_wconf 87' lang='lat' dir='ltr'>caesum</span> <span class='ocrx_word' id='word_1_143' title='bbox 695 1706 712 1747; x_wconf 92' lang='lat' dir='ltr'>a</span> <span class='ocrx_word' id='word_1_144' title='bbox 730 1687 819 1748; x_wconf 92' lang='lat' dir='ltr'>dorso</span> <span class='ocrx_word' id='word_1_145' title='bbox 842 1687 993 1768; x_wconf 86' lang='lat' dir='ltr'>pulvinata</span> <span class='ocrx_word' id='word_1_146' title='bbox 1014 1687 1122 1750; x_wconf 85' lang='lat' dir='ltr'>fissura</span> <span class='ocrx_word' id='word_1_147' title='bbox 1144 1695 1177 1750; x_wconf 92' lang='lat' dir='ltr'>et</span> <span class='ocrx_word' id='word_1_148' title='bbox 1200 1691 1234 1750; x_wconf 92' lang='lat' dir='ltr'>in</span> 
     </span>
     <span class='ocr_line' id='line_1_19' title="bbox 210 1775 1234 1858; baseline 0.006 -23"><span class='ocrx_word' id='word_1_149' title='bbox 210 1775 275 1836; x_wconf 91' lang='lat' dir='ltr'>alvo</span> <span class='ocrx_word' id='word_1_150' title='bbox 294 1775 390 1837; x_wconf 90' lang='lat' dir='ltr'>media</span> <span class='ocrx_word' id='word_1_151' title='bbox 408 1775 560 1856; x_wconf 87' lang='lat' dir='ltr'>plerisque</span> <span class='ocrx_word' id='word_1_152' title='bbox 583 1776 796 1838; x_wconf 87' lang='lat' dir='ltr'>umbilicatum.</span> <span class='ocrx_word' id='word_1_153' title='bbox 832 1777 901 1838; x_wconf 79' lang='lat' dir='ltr'>ude</span> <span class='ocrx_word' id='word_1_154' title='bbox 925 1777 1056 1856; x_wconf 90' lang='lat' dir='ltr'>primum</span> <span class='ocrx_word' id='word_1_155' title='bbox 1078 1781 1234 1858; x_wconf 80' lang='lat' dir='ltr'>spargitur</span> 
     </span>
     <span class='ocr_line' id='line_1_20' title="bbox 211 1865 1235 1946; baseline 0.006 -22"><span class='ocrx_word' id='word_1_156' title='bbox 211 1865 303 1926; x_wconf 86' lang='lat' dir='ltr'>radix.</span> <span class='ocrx_word' id='word_1_157' title='bbox 356 1867 467 1927; x_wconf 90' lang='lat' dir='ltr'>seritur</span> <span class='ocrx_word' id='word_1_158' title='bbox 494 1873 593 1927; x_wconf 91' lang='lat' dir='ltr'>autem</span> <span class='ocrx_word' id='word_1_159' title='bbox 623 1883 752 1946; x_wconf 90' lang='lat' dir='ltr'>pronum</span> <span class='ocrx_word' id='word_1_160' title='bbox 788 1873 820 1927; x_wconf 92' lang='lat' dir='ltr'>et</span> <span class='ocrx_word' id='word_1_161' title='bbox 850 1865 920 1928; x_wconf 89' lang='lat' dir='ltr'>bina</span> <span class='ocrx_word' id='word_1_162' title='bbox 951 1867 1033 1928; x_wconf 88' lang='lat' dir='ltr'>iuxta</span> <span class='ocrx_word' id='word_1_163' title='bbox 1064 1869 1235 1946; x_wconf 88' lang='lat' dir='ltr'>composita</span> 
     </span>
     <span class='ocr_line' id='line_1_21' title="bbox 211 1951 1294 2037; baseline 0.006 -23"><span class='ocrx_word' id='word_1_164' title='bbox 211 1956 323 2016; x_wconf 89' lang='lat' dir='ltr'>semina</span> <span class='ocrx_word' id='word_1_165' title='bbox 342 1973 494 2037; x_wconf 87' lang='lat' dir='ltr'>superque</span> <span class='ocrx_word' id='word_1_166' title='bbox 507 1954 645 2036; x_wconf 84' lang='lat' dir='ltr'>totidem3</span> <span class='ocrx_word' id='word_1_167' title='bbox 663 1956 803 2035; x_wconf 88' lang='lat' dir='ltr'>quoniam</span> <span class='ocrx_word' id='word_1_168' title='bbox 821 1955 937 2017; x_wconf 87' lang='lat' dir='ltr'>infirma</span> <span class='ocrx_word' id='word_1_169' title='bbox 956 1973 973 2016; x_wconf 93' lang='lat' dir='ltr'>e</span> <span class='ocrx_word' id='word_1_170' title='bbox 991 1954 1116 2035; x_wconf 79' lang='lat' dir='ltr'>singulis</span> <span class='ocrx_word' id='word_1_171' title='bbox 1129 1955 1237 2035; x_wconf 87' lang='lat' dir='ltr'>planta</span> <span class='ocrx_word' id='word_1_172' title='bbox 1248 1968 1271 2010; x_wconf 73' lang='lat' dir='ltr'>tt</span> <span class='ocrx_word' id='word_1_173' title='bbox 1293 1951 1294 1954; x_wconf 50' lang='lat'>&#39;</span> 
     </span>
     <span class='ocr_line' id='line_1_22' title="bbox 157 2043 1235 2126; baseline 0.002 -20"><span class='ocrx_word' id='word_1_174' title='bbox 157 2055 191 2106; x_wconf 89' lang='grc'>33</span> <span class='ocrx_word' id='word_1_175' title='bbox 210 2051 266 2126; x_wconf 90' lang='lat' dir='ltr'>est,</span> <span class='ocrx_word' id='word_1_176' title='bbox 288 2051 450 2123; x_wconf 89' lang='lat' dir='ltr'>quaternae</span> <span class='ocrx_word' id='word_1_177' title='bbox 472 2044 654 2107; x_wconf 84' lang='lat' dir='ltr'>coalescunt.</span> <span class='ocrx_word' id='word_1_178' title='bbox 693 2043 797 2106; x_wconf 89' lang='lat' dir='ltr'>multis</span> <span class='ocrx_word' id='word_1_179' title='bbox 820 2044 1012 2124; x_wconf 89' lang='lat' dir='ltr'>candidisque</span> <span class='ocrx_word' id='word_1_180' title='bbox 1033 2043 1150 2124; x_wconf 76' lang='lat' dir='ltr'>lignum</span> <span class='ocrx_word' id='word_1_181' title='bbox 1174 2045 1235 2108; x_wconf 90' lang='lat' dir='ltr'>boc</span> 
     </span>
     <span class='ocr_line' id='line_1_23' title="bbox 56 2132 1235 2218; baseline 0.005 -26"><span class='ocrx_word' id='word_1_182' title='bbox 56 2133 59 2142; x_wconf 93' lang='lat'>&#39;</span> <span class='ocrx_word' id='word_1_183' title='bbox 210 2151 227 2192; x_wconf 93' lang='lat' dir='ltr'>a</span> <span class='ocrx_word' id='word_1_184' title='bbox 250 2132 391 2194; x_wconf 87' lang='lat' dir='ltr'>carnibus</span> <span class='ocrx_word' id='word_1_185' title='bbox 413 2133 595 2216; x_wconf 84' lang='lat' dir='ltr'>discernitur</span> <span class='ocrx_word' id='word_1_186' title='bbox 617 2135 736 2214; x_wconf 87' lang='lat' dir='ltr'>tunicis,</span> <span class='ocrx_word' id='word_1_187' title='bbox 758 2133 823 2194; x_wconf 90' lang='lat' dir='ltr'>aliis</span> <span class='ocrx_word' id='word_1_188' title='bbox 846 2135 967 2213; x_wconf 84' lang='lat' dir='ltr'>corpori</span> <span class='ocrx_word' id='word_1_189' title='bbox 988 2132 1235 2218; x_wconf 85' lang='lat' dir='ltr'>adhaerentibus,</span> 
     </span>
     <span class='ocr_line' id='line_1_24' title="bbox 209 2220 1234 2301; baseline 0.005 -19"><span class='ocrx_word' id='word_1_190' title='bbox 209 2220 334 2301; x_wconf 83' lang='lat' dir='ltr'>laxeque</span> <span class='ocrx_word' id='word_1_191' title='bbox 357 2222 470 2284; x_wconf 88' lang='lat' dir='ltr'>distans</span> <span class='ocrx_word' id='word_1_192' title='bbox 492 2224 794 2293; x_wconf 25' lang='lat' dir='ltr'>tantum-cacuminis</span> <span class='ocrx_word' id='word_1_193' title='bbox 816 2222 866 2283; x_wconf 89' lang='lat' dir='ltr'>iilo</span> <span class='ocrx_word' id='word_1_194' title='bbox 888 2221 1038 2284; x_wconf 88' lang='lat' dir='ltr'>adhaeret.</span> <span class='ocrx_word' id='word_1_195' title='bbox 1075 2239 1145 2284; x_wconf 88' lang='lat' dir='ltr'>caro</span> <span class='ocrx_word' id='word_1_196' title='bbox 1171 2243 1234 2288; x_wconf 82' lang='lat' dir='ltr'>ma·</span> 
     </span>
     <span class='ocr_line' id='line_1_25' title="bbox 209 2310 1235 2396; baseline 0.003 -24"><span class='ocrx_word' id='word_1_197' title='bbox 209 2312 336 2372; x_wconf 88' lang='lat' dir='ltr'>turescit</span> <span class='ocrx_word' id='word_1_198' title='bbox 363 2329 449 2372; x_wconf 91' lang='lat' dir='ltr'>anno.</span> <span class='ocrx_word' id='word_1_199' title='bbox 495 2310 673 2391; x_wconf 87' lang='lat' dir='ltr'>quibusdam</span> <span class='ocrx_word' id='word_1_200' title='bbox 700 2319 799 2372; x_wconf 87' lang='lat' dir='ltr'>tamen</span> <span class='ocrx_word' id='word_1_201' title='bbox 827 2313 858 2373; x_wconf 92' lang='lat' dir='ltr'>in</span> <span class='ocrx_word' id='word_1_202' title='bbox 885 2311 973 2393; x_wconf 85' lang='lat' dir='ltr'>locis,</span> <span class='ocrx_word' id='word_1_203' title='bbox 1001 2318 1035 2374; x_wconf 92' lang='lat' dir='ltr'>ut</span> <span class='ocrx_word' id='word_1_204' title='bbox 1061 2313 1092 2373; x_wconf 89' lang='lat' dir='ltr'>in</span> <span class='ocrx_word' id='word_1_205' title='bbox 1121 2311 1235 2396; x_wconf 75' lang='lat' dir='ltr'>Cypro,</span> 
     </span>
     <span class='ocr_line' id='line_1_26' title="bbox 210 2400 1267 2484; baseline 0.006 -24"><span class='ocrx_word' id='word_1_206' title='bbox 210 2417 388 2479; x_wconf 84' lang='lat' dir='ltr'>quamquam</span> <span class='ocrx_word' id='word_1_207' title='bbox 418 2400 455 2461; x_wconf 91' lang='lat' dir='ltr'>ad</span> <span class='ocrx_word' id='word_1_208' title='bbox 484 2403 686 2463; x_wconf 87' lang='lat' dir='ltr'>maturitatem</span> <span class='ocrx_word' id='word_1_209' title='bbox 716 2418 777 2462; x_wconf 88' lang='lat' dir='ltr'>non</span> <span class='ocrx_word' id='word_1_210' title='bbox 806 2402 976 2481; x_wconf 85' lang='lat' dir='ltr'>perveniat,</span> <span class='ocrx_word' id='word_1_211' title='bbox 1005 2408 1089 2481; x_wconf 71' lang='lat' dir='ltr'>grato</span> <span class='ocrx_word' id='word_1_212' title='bbox 1121 2420 1234 2484; x_wconf 88' lang='lat' dir='ltr'>sapore</span> <span class='ocrx_word' id='word_1_213' title='bbox 1247 2413 1267 2453; x_wconf 81' lang='lat'>¹⁵</span> 
     </span>
     <span class='ocr_line' id='line_1_27' title="bbox 209 2486 1234 2572; baseline 0.007 -24"><span class='ocrx_word' id='word_1_214' title='bbox 209 2486 306 2550; x_wconf 90' lang='lat' dir='ltr'>dulcis</span> <span class='ocrx_word' id='word_1_215' title='bbox 329 2497 383 2549; x_wconf 89' lang='lat' dir='ltr'>est.</span> <span class='ocrx_word' id='word_1_216' title='bbox 420 2488 525 2552; x_wconf 84' lang='lat' dir='ltr'>lolium</span> <span class='ocrx_word' id='word_1_217' title='bbox 546 2488 589 2550; x_wconf 91' lang='lat' dir='ltr'>ibi</span> <span class='ocrx_word' id='word_1_218' title='bbox 611 2489 709 2572; x_wconf 90' lang='lat' dir='ltr'>latius,</span> <span class='ocrx_word' id='word_1_219' title='bbox 732 2490 849 2552; x_wconf 83' lang='lat' dir='ltr'>fructus</span> <span class='ocrx_word' id='word_1_220' title='bbox 872 2507 962 2568; x_wconf 90' lang='lat' dir='ltr'>quam</span> <span class='ocrx_word' id='word_1_221' title='bbox 979 2488 1105 2570; x_wconf 87' lang='lat' dir='ltr'>reliquis</span> <span class='ocrx_word' id='word_1_222' title='bbox 1124 2500 1234 2554; x_wconf 90' lang='lat' dir='ltr'>rotun·</span> 
     </span>
     <span class='ocr_line' id='line_1_28' title="bbox 190 2565 1234 2660; baseline 0.005 -23"><span class='ocrx_word' id='word_1_223' title='bbox 190 2565 275 2638; x_wconf 76' lang='lat' dir='ltr'>‘dior</span> <span class='ocrx_word' id='word_1_224' title='bbox 299 2595 354 2638; x_wconf 92' lang='lat' dir='ltr'>nec</span> <span class='ocrx_word' id='word_1_225' title='bbox 377 2584 412 2638; x_wconf 91' lang='lat' dir='ltr'>ut</span> <span class='ocrx_word' id='word_1_226' title='bbox 434 2578 595 2642; x_wconf 90' lang='lat' dir='ltr'>devoretur</span> <span class='ocrx_word' id='word_1_227' title='bbox 617 2597 742 2660; x_wconf 91' lang='lat' dir='ltr'>corpus,</span> <span class='ocrx_word' id='word_1_228' title='bbox 769 2597 872 2640; x_wconf 91' lang='lat' dir='ltr'>verum</span> <span class='ocrx_word' id='word_1_229' title='bbox 901 2586 936 2640; x_wconf 95' lang='lat' dir='ltr'>ut</span> <span class='ocrx_word' id='word_1_230' title='bbox 963 2585 1127 2658; x_wconf 84' lang='lat' dir='ltr'>exspuatur</span> <span class='ocrx_word' id='word_1_231' title='bbox 1156 2601 1234 2644; x_wconf 89' lang='lat' dir='ltr'>suco</span> 
     </span>
     <span class='ocr_line' id='line_1_29' title="bbox 42 2660 1235 2748; baseline 0.003 -19"><span class='ocrx_word' id='word_1_232' title='bbox 42 2660 48 2678; x_wconf 76' lang='grc'><em>’</em></span> <span class='ocrx_word' id='word_1_233' title='bbox 156 2675 192 2729; x_wconf 77' lang='grc'><strong>34</strong></span> <span class='ocrx_word' id='word_1_234' title='bbox 210 2667 298 2728; x_wconf 92' lang='lat' dir='ltr'>modo</span> <span class='ocrx_word' id='word_1_235' title='bbox 326 2685 477 2747; x_wconf 87' lang='lat' dir='ltr'>expresso.</span> <span class='ocrx_word' id='word_1_236' title='bbox 524 2675 554 2729; x_wconf 90' lang='lat' dir='ltr'>et</span> <span class='ocrx_word' id='word_1_237' title='bbox 581 2669 612 2730; x_wconf 91' lang='lat' dir='ltr'>in</span> <span class='ocrx_word' id='word_1_238' title='bbox 636 2667 742 2728; x_wconf 79' lang='lat' dir='ltr'>Arabia</span> <span class='ocrx_word' id='word_1_239' title='bbox 770 2667 907 2748; x_wconf 84' lang='lat' dir='ltr'>languide</span> <span class='ocrx_word' id='word_1_240' title='bbox 935 2667 1039 2729; x_wconf 91' lang='lat' dir='ltr'>dulces</span> <span class='ocrx_word' id='word_1_241' title='bbox 1065 2669 1235 2734; x_wconf 88' lang='lat' dir='ltr'>traduntur</span> 
     </span>
     <span class='ocr_line' id='line_1_30' title="bbox 209 2755 1233 2839; baseline 0.005 -22"><span class='ocrx_word' id='word_1_242' title='bbox 209 2773 275 2817; x_wconf 90' lang='lat' dir='ltr'>esse</span> <span class='ocrx_word' id='word_1_243' title='bbox 298 2755 422 2838; x_wconf 90' lang='lat' dir='ltr'>palmae,</span> <span class='ocrx_word' id='word_1_244' title='bbox 446 2773 624 2836; x_wconf 88' lang='lat' dir='ltr'>quamquam</span> <span class='ocrx_word' id='word_1_245' title='bbox 646 2756 732 2818; x_wconf 89' lang='lat' dir='ltr'>iuba</span> <span class='ocrx_word' id='word_1_246' title='bbox 756 2757 834 2837; x_wconf 92' lang='lat' dir='ltr'>apud</span> <span class='ocrx_word' id='word_1_247' title='bbox 853 2756 989 2817; x_wconf 85' lang='lat' dir='ltr'>Scenitas</span> <span class='ocrx_word' id='word_1_248' title='bbox 1007 2756 1120 2818; x_wconf 78' lang='lat' dir='ltr'>trabas</span> <span class='ocrx_word' id='word_1_249' title='bbox 1142 2777 1233 2839; x_wconf 90' lang='lat' dir='ltr'>prae·</span> 
     </span>
    </p>
   </div>
   <div class='ocr_carea' id='block_1_3' title="bbox 195 2961 1292 3332">
    <p class='ocr_par' dir='ltr' id='par_1_3' title="bbox 195 2961 1235 3036">
     <span class='ocr_line' id='line_1_31' title="bbox 195 2961 1235 3036; baseline 0.006 -21"><span class='ocrx_word' id='word_1_250' title='bbox 195 3011 198 3015; x_wconf 12' lang='grc'><strong>1</strong></span> <span class='ocrx_word' id='word_1_251' title='bbox 281 2971 294 3020; x_wconf 94' lang='grc'>1</span> <span class='ocrx_word' id='word_1_252' title='bbox 315 2963 414 3036; x_wconf 85' lang='lat' dir='ltr'>populi</span> <span class='ocrx_word' id='word_1_253' title='bbox 429 2961 578 3036; x_wconf 81' lang='lat' dir='ltr'>praebenti</span> <span class='ocrx_word' id='word_1_254' title='bbox 595 2967 668 3020; x_wconf 71' lang='lat' dir='ltr'>ned</span> <span class='ocrx_word' id='word_1_255' title='bbox 685 2962 805 3032; x_wconf 74' lang='lat' dir='ltr'>{utilem</span> <span class='ocrx_word' id='word_1_256' title='bbox 818 2966 903 3018; x_wconf 64' lang='lat' dir='ltr'>tlte.</span> <span class='ocrx_word' id='word_1_257' title='bbox 975 2969 991 3018; x_wconf 98' lang='grc'><strong>3</strong></span> <span class='ocrx_word' id='word_1_258' title='bbox 1010 2963 1142 3018; x_wconf 83' lang='lat' dir='ltr'>arborem</span> <span class='ocrx_word' id='word_1_259' title='bbox 1155 2982 1235 3034; x_wconf 81' lang='lat' dir='ltr'>quae</span> 
     </span>
    </p>

    <p class='ocr_par' dir='ltr' id='par_1_4' title="bbox 209 3033 1235 3106">
     <span class='ocr_line' id='line_1_32' title="bbox 209 3033 1235 3106; baseline 0.002 -16"><span class='ocrx_word' id='word_1_260' title='bbox 209 3037 273 3106; x_wconf 89' lang='lat' dir='ltr'>(que</span> <span class='ocrx_word' id='word_1_261' title='bbox 292 3036 318 3105; x_wconf 77' lang='lat' dir='ltr'>d)</span> <span class='ocrx_word' id='word_1_262' title='bbox 336 3040 411 3092; x_wconf 70' lang='lat' dir='ltr'>ned</span> <span class='ocrx_word' id='word_1_263' title='bbox 441 3036 445 3104; x_wconf 92' lang='grc' dir='ltr'>Ι</span> <span class='ocrx_word' id='word_1_264' title='bbox 473 3034 579 3090; x_wconf 79' lang='lat' dir='ltr'>indutis</span> <span class='ocrx_word' id='word_1_265' title='bbox 597 3035 771 3091; x_wconf 74' lang='lat' dir='ltr'>IndHcrd.</span> <span class='ocrx_word' id='word_1_266' title='bbox 802 3034 887 3090; x_wconf 79' lang='lat' dir='ltr'>-uetis</span> <span class='ocrx_word' id='word_1_267' title='bbox 905 3052 929 3092; x_wconf 68' lang='grc' dir='ltr'><strong>ι</strong></span> <span class='ocrx_word' id='word_1_268' title='bbox 963 3033 1058 3090; x_wconf 82' lang='lat' dir='ltr'>-uoitis</span> <span class='ocrx_word' id='word_1_269' title='bbox 1076 3039 1108 3090; x_wconf 72' lang='lat' dir='ltr'>a.</span> <span class='ocrx_word' id='word_1_270' title='bbox 1142 3037 1235 3092; x_wconf 74' lang='lat' dir='ltr'>-uniie</span> 
     </span>
    </p>

    <p class='ocr_par' dir='ltr' id='par_1_5' title="bbox 207 3105 1235 3164">
     <span class='ocr_line' id='line_1_33' title="bbox 207 3105 1235 3164; baseline -0.002 0"><span class='ocrx_word' id='word_1_271' title='bbox 207 3107 443 3164; x_wconf 71' lang='lat' dir='ltr'>ectacnteHaro.</span> <span class='ocrx_word' id='word_1_272' title='bbox 516 3113 532 3161; x_wconf 87' lang='grc'><strong>6</strong></span> <span class='ocrx_word' id='word_1_273' title='bbox 550 3106 581 3160; x_wconf 84' lang='lat' dir='ltr'>in</span> <span class='ocrx_word' id='word_1_274' title='bbox 598 3121 660 3161; x_wconf 88' lang='lat' dir='ltr'>sese</span> <span class='ocrx_word' id='word_1_275' title='bbox 676 3105 765 3161; x_wconf 77' lang='lat' dir='ltr'>bifida</span> <span class='ocrx_word' id='word_1_276' title='bbox 781 3105 951 3163; x_wconf 65' lang='lat' dir='ltr'>labeum</span> <span class='ocrx_word' id='word_1_277' title='bbox 979 3105 1183 3162; x_wconf 73' lang='lat' dir='ltr'>-dehaebellas</span> <span class='ocrx_word' id='word_1_278' title='bbox 1203 3115 1235 3162; x_wconf 76' lang='lat' dir='ltr'>n.</span> 
     </span>
    </p>

    <p class='ocr_par' dir='ltr' id='par_1_6' title="bbox 208 3175 1292 3332">
     <span class='ocr_line' id='line_1_34' title="bbox 208 3175 1234 3246; baseline 0.001 -12"><span class='ocrx_word' id='word_1_279' title='bbox 208 3177 293 3234; x_wconf 82' lang='lat' dir='ltr'>-datis</span> <span class='ocrx_word' id='word_1_280' title='bbox 306 3177 397 3234; x_wconf 84' lang='lat' dir='ltr'>belles</span> <span class='ocrx_word' id='word_1_281' title='bbox 411 3177 494 3234; x_wconf 72' lang='lat' dir='ltr'>redd.</span> <span class='ocrx_word' id='word_1_282' title='bbox 505 3177 670 3234; x_wconf 73' lang='lat' dir='ltr'>osdeHcrd.</span> <span class='ocrx_word' id='word_1_283' title='bbox 697 3177 740 3233; x_wconf 82' lang='lat' dir='ltr'>·la</span> <span class='ocrx_word' id='word_1_284' title='bbox 753 3177 867 3234; x_wconf 79' lang='lat' dir='ltr'>dHord.</span> <span class='ocrx_word' id='word_1_285' title='bbox 894 3177 974 3246; x_wconf 80' lang='lat' dir='ltr'>ereb;</span> <span class='ocrx_word' id='word_1_286' title='bbox 986 3175 1076 3232; x_wconf 79' lang='lat' dir='ltr'>fidele</span> <span class='ocrx_word' id='word_1_287' title='bbox 1087 3175 1186 3235; x_wconf 77' lang='lat' dir='ltr'>belles</span> <span class='ocrx_word' id='word_1_288' title='bbox 1201 3185 1234 3234; x_wconf 65' lang='grc' dir='ltr'>ι</span> 
     </span>
     <span class='ocr_line' id='line_1_35' title="bbox 293 3247 1292 3332; baseline -0.003 -27"><span class='ocrx_word' id='word_1_289' title='bbox 293 3256 308 3305; x_wconf 83' lang='lat'>‘1</span> <span class='ocrx_word' id='word_1_290' title='bbox 328 3265 455 3320; x_wconf 78' lang='lat' dir='ltr'>gemmas</span> <span class='ocrx_word' id='word_1_291' title='bbox 473 3247 709 3306; x_wconf 60' lang='lat' dir='ltr'>eddfflebflord.</span> <span class='ocrx_word' id='word_1_292' title='bbox 800 3247 929 3332; x_wconf 68' lang='lat' dir='ltr'>egignit</span> <span class='ocrx_word' id='word_1_293' title='bbox 945 3247 1234 3308; x_wconf 59' lang='lat' dir='ltr'>caesaraeae.</span> <span class='ocrx_word' id='word_1_294' title='bbox 1291 3297 1292 3302; x_wconf 73' lang='grc'>,</span> 
     </span>
    </p>
   </div>
   <div class='ocr_carea' id='block_1_4' title="bbox 293 3319 1233 3391">
    <p class='ocr_par' dir='ltr' id='par_1_7' title="bbox 293 3311 1292 3411">
     <span class='ocr_line' id='line_1_36' title="bbox 293 3319 1233 3391; baseline 0.002 -16"><span class='ocrx_word' id='word_1_295' title='bbox 293 3326 327 3375; x_wconf 81' lang='grc'>10</span> <span class='ocrx_word' id='word_1_296' title='bbox 345 3319 422 3390; x_wconf 88' lang='lat' dir='ltr'>quod</span> <span class='ocrx_word' id='word_1_297' title='bbox 439 3322 545 3377; x_wconf 74' lang='lat' dir='ltr'>ndu</span> <span class='ocrx_word' id='word_1_298' title='bbox 572 3319 664 3377; x_wconf 72' lang='lat' dir='ltr'>hooc.</span> <span class='ocrx_word' id='word_1_299' title='bbox 738 3324 771 3374; x_wconf 85' lang='grc'>13</span> <span class='ocrx_word' id='word_1_300' title='bbox 789 3319 908 3391; x_wconf 73' lang='lat' dir='ltr'>palmeta</span> <span class='ocrx_word' id='word_1_301' title='bbox 925 3324 960 3374; x_wconf 70' lang='grc' dir='ltr'>ι</span> <span class='ocrx_word' id='word_1_302' title='bbox 987 3319 1019 3374; x_wconf 88' lang='lat' dir='ltr'>in</span> <span class='ocrx_word' id='word_1_303' title='bbox 1035 3335 1150 3390; x_wconf 75' lang='lat' dir='ltr'>prs-rc.</span> <span class='ocrx_word' id='word_1_304' title='bbox 1176 3323 1233 3389; x_wconf 79' lang='lat' dir='ltr'>cfr.</span> 
     </span>
    </p>
   </div>
   <div class='ocr_carea' id='block_1_5' title="bbox 205 3389 1234 3664">
    <p class='ocr_par' dir='ltr' id='par_1_8' title="bbox 205 3389 1234 3664">
     <span class='ocr_line' id='line_1_37' title="bbox 206 3389 1233 3463; baseline 0.001 -16"><span class='ocrx_word' id='word_1_305' title='bbox 206 3391 319 3448; x_wconf 66' lang='lat' dir='ltr'>Felsina</span> <span class='ocrx_word' id='word_1_306' title='bbox 334 3409 364 3462; x_wconf 83' lang='lat' dir='ltr'>p.</span> <span class='ocrx_word' id='word_1_307' title='bbox 377 3397 423 3449; x_wconf 83' lang='lat'>55.</span> <span class='ocrx_word' id='word_1_308' title='bbox 519 3397 553 3448; x_wconf 81' lang='lat' dir='ltr'>te</span> <span class='ocrx_word' id='word_1_309' title='bbox 576 3391 674 3463; x_wconf 76' lang='lat' dir='ltr'>spinae</span> <span class='ocrx_word' id='word_1_310' title='bbox 691 3389 1015 3449; x_wconf 71' lang='lat' dir='ltr'>1t¹ededdanteHard</span> <span class='ocrx_word' id='word_1_311' title='bbox 1044 3391 1050 3460; x_wconf 80' lang='grc'>1</span> <span class='ocrx_word' id='word_1_312' title='bbox 1078 3391 1233 3463; x_wconf 72' lang='lat' dir='ltr'>utriusque</span> 
     </span>
     <span class='ocr_line' id='line_1_38' title="bbox 205 3462 1233 3535; baseline 0.003 -20"><span class='ocrx_word' id='word_1_313' title='bbox 205 3467 259 3517; x_wconf 74' lang='lat' dir='ltr'>ne.</span> <span class='ocrx_word' id='word_1_314' title='bbox 333 3467 365 3518; x_wconf 89' lang='lat'>18</span> <span class='ocrx_word' id='word_1_315' title='bbox 379 3462 453 3518; x_wconf 85' lang='lat' dir='ltr'>unde</span> <span class='ocrx_word' id='word_1_316' title='bbox 466 3468 563 3524; x_wconf 71' lang='lat' dir='ltr'>Dedo.</span> <span class='ocrx_word' id='word_1_317' title='bbox 634 3462 892 3535; x_wconf 72' lang='lat' dir='ltr'>tointirmsecpo.</span> <span class='ocrx_word' id='word_1_318' title='bbox 920 3478 995 3518; x_wconf 77' lang='lat' dir='ltr'>mee</span> <span class='ocrx_word' id='word_1_319' title='bbox 1009 3466 1092 3518; x_wconf 67' lang='lat' dir='ltr'>Ine</span> <span class='ocrx_word' id='word_1_320' title='bbox 1120 3469 1233 3520; x_wconf 64' lang='lat' dir='ltr'>-mex</span> 
     </span>
     <span class='ocr_line' id='line_1_39' title="bbox 206 3531 1234 3605; baseline 0.003 -17"><span class='ocrx_word' id='word_1_321' title='bbox 206 3550 266 3588; x_wconf 82' lang='lat' dir='ltr'>-me</span> <span class='ocrx_word' id='word_1_322' title='bbox 279 3537 325 3587; x_wconf 76' lang='lat' dir='ltr'>dc.</span> <span class='ocrx_word' id='word_1_323' title='bbox 397 3539 430 3589; x_wconf 88' lang='grc'>31</span> <span class='ocrx_word' id='word_1_324' title='bbox 446 3550 518 3604; x_wconf 75' lang='lat' dir='ltr'>quoe</span> <span class='ocrx_word' id='word_1_325' title='bbox 530 3535 628 3590; x_wconf 80' lang='lat' dir='ltr'>ternae</span> <span class='ocrx_word' id='word_1_326' title='bbox 642 3534 855 3605; x_wconf 69' lang='lat' dir='ltr'>qualescuntl</span> <span class='ocrx_word' id='word_1_327' title='bbox 928 3539 962 3590; x_wconf 79' lang='lat' dir='ltr'>rs</span> <span class='ocrx_word' id='word_1_328' title='bbox 980 3533 1029 3590; x_wconf 87' lang='lat' dir='ltr'>iilo</span> <span class='ocrx_word' id='word_1_329' title='bbox 1042 3531 1139 3590; x_wconf 69' lang='lat' dir='ltr'>We.</span> <span class='ocrx_word' id='word_1_330' title='bbox 1168 3534 1234 3591; x_wconf 82' lang='lat' dir='ltr'>filio</span> 
     </span>
     <span class='ocr_line' id='line_1_40' title="bbox 206 3604 1232 3664; baseline 0.008 -8"><span class='ocrx_word' id='word_1_331' title='bbox 206 3616 230 3656; x_wconf 83' lang='lat' dir='ltr'>r.</span> <span class='ocrx_word' id='word_1_332' title='bbox 302 3604 603 3662; x_wconf 66' lang='grc' dir='ltr'><strong>3331111ωῶοα</strong></span> <span class='ocrx_word' id='word_1_333' title='bbox 676 3611 711 3662; x_wconf 86' lang='grc'>33</span> <span class='ocrx_word' id='word_1_334' title='bbox 731 3606 851 3662; x_wconf 79' lang='lat' dir='ltr'>scenitas</span> <span class='ocrx_word' id='word_1_335' title='bbox 864 3611 960 3662; x_wconf 66' lang='lat' dir='ltr'>nudo.</span> <span class='ocrx_word' id='word_1_336' title='bbox 988 3608 1101 3661; x_wconf 73' lang='lat' dir='ltr'>een-1</span> <span class='ocrx_word' id='word_1_337' title='bbox 1130 3621 1182 3662; x_wconf 87' lang='lat' dir='ltr'>en-</span> <span class='ocrx_word' id='word_1_338' title='bbox 1198 3613 1232 3664; x_wconf 66' lang='grc' dir='ltr'>ι</span> 
     </span>
    </p>
   </div>
   <div class='ocr_carea' id='block_1_6' title="bbox 0 0 1316 3954">
    <p class='ocr_par' dir='ltr' id='par_1_9' title="bbox 0 0 1316 3954">
     <span class='ocr_line' id='line_1_41' title="bbox 0 0 1316 3954; baseline 0 0"><span class='ocrx_word' id='word_1_339' title='bbox 0 0 1316 3954; x_wconf 95' lang='lat' dir='ltr'> </span> 
     </span>
    </p>
   </div>
  </div>
 </body>
</html>
