2588 3956
276 163 362 217 ΝΑΤ.
381 161 472 217 Hiar.
492 163 557 218 vui
576 167 682 216 eram
701 165 827 231 (er-44)
1017 163 1058 226 81

39 325 66 375 et
94 323 271 393 ventorum,
303 311 460 392 imbrium,
492 318 704 391 tempestatum
732 314 885 392 praesagia
917 312 972 372 alia
1002 313 1059 373 alio

38 405 122 465 modo
147 402 276 482 dederit,
301 401 381 480 quod
400 402 542 480 persequi
564 401 734 462 inmensum
753 407 807 480 est,
831 420 924 480 aeque
947 400 1061 462 scilicet

39 511 124 571 quam
148 492 299 570 reliquam
325 507 394 550 cum
417 489 541 568 singulis
564 489 719 554 hominum
742 491 922 551 societatem.
969 492 1060 570 siqui-

39 582 103 641 dem
136 589 169 641 et
198 579 333 660 pericula
363 586 558 658 praemonent
590 596 650 638 non
679 578 762 638 libris
795 579 882 639 modo
915 581 1060 659 extisque,

17 674 114 730 sciren
145 669 230 748 qnod
260 685 366 746 magna
396 667 565 728 mortalium
594 669 693 745 portio
720 667 836 748 haeret,
869 668 921 729 sed
949 675 979 728 et
1005 667 1060 728 alia

40 758 163 836 quadam
188 757 414 836 significatione.
460 757 556 815 ruinis
579 755 793 816 inminentibus
816 757 944 817 musculi
966 769 1113 836 prae-103

41 851 180 927 migrant,
212 847 314 906 aranei
337 863 405 905 cum
428 843 495 904 telis
522 845 612 922 primi
636 845 752 905 cadunt.
794 847 917 924 auguria
941 847 1061 925 quidem

40 945 131 995 artem
154 937 259 995 fecere
288 934 366 1013 apud
390 933 538 993 Romanos
568 941 598 994 et
621 934 809 994 sacerdotum
835 934 991 1013 collegium
1016 934 1061 994 vel

42 1027 163 1086 maxime
189 1023 343 1084 sollemne.
384 1030 429 1082 est
451 1025 531 1082 inter
554 1040 589 1082 ea
611 1021 684 1082 locis
707 1022 875 1102 rigentibus
899 1031 929 1083 et
951 1022 1061 1103 volpes,

14 1113 144 1172 inanimal
177 1113 291 1191 alioqui
320 1111 451 1172 sollertia
480 1111 588 1172 dirum.
641 1129 742 1172 amnes
775 1111 886 1190 gelatos
919 1112 1060 1190 lacusque

43 1203 158 1262 nomrisi
187 1201 224 1260 ad
252 1203 317 1260 eius
345 1202 421 1260 itum
449 1200 638 1278 reditumque
661 1207 826 1268 transeunt,
873 1199 1062 1261 observatum

44 1310 102 1350 cam
134 1309 212 1350 aure
246 1289 282 1350 ad
313 1288 437 1368 glaciem
469 1289 602 1368 adposita
632 1291 799 1350 coniectare
833 1290 1062 1350 crassitudinem

45 1379 129 1457 gelus.

104 1463 163 1529 29.
186 1460 261 1550 (43)
286 1467 347 1526 Nec
366 1467 465 1526 nrirrus
485 1465 562 1526 clara
582 1468 664 1527 exitii
678 1466 856 1526 documenta
875 1475 945 1527 sunt
964 1468 1053 1527 etiam
1064 1477 1116 1526 104

16 1572 35 1610 u
46 1555 270 1616 contemnendis
294 1554 477 1620 animalibus.
505 1554 541 1614 M.
558 1555 663 1614 Varro
686 1562 855 1615 auctorest
878 1574 894 1615 a
915 1555 1062 1616 cuniculis

47 1645 203 1704 suffossum
226 1647 258 1704 in
282 1643 422 1723 Hispania
446 1643 601 1724 oppidum,
629 1663 645 1702 a
668 1643 755 1723 talpis
778 1646 809 1703 in
833 1641 998 1725 Thessalia,
1025 1644 1061 1704 ab

48 1735 119 1793 ranis
143 1734 297 1793 civitatem
321 1734 351 1791 in
371 1731 462 1792 Gallia
484 1732 613 1812 pulsam,
637 1732 673 1792 ab
694 1732 818 1792 locustis
841 1735 872 1793 in
891 1735 1002 1814 Africa,
1027 1753 1063 1793 ex

23 1842 26 1846 ·
49 1820 135 1899 Gyara
154 1820 317 1900 Cycladum
340 1819 436 1880 insula
456 1821 571 1882 incolas
593 1820 609 1880 a
627 1821 763 1882 muribus
783 1822 908 1903 fugatos
931 1823 962 1882 in
980 1821 1063 1882 ltalia

49 1910 200 1989 Amynclas
224 1928 240 1969 a
264 1908 455 1988 serpentibus
479 1908 599 1970 deletas.
637 1912 711 1970 citra
732 1909 925 1989 Cynamolgos
944 1911 1062 1971 Aethio·

19 2013 40 2052 n
50 2016 95 2074 pas
112 1998 170 2059 late
192 1999 311 2058 deserta
334 2000 416 2076 regio
436 2005 483 2058 cst
501 2017 517 2057 a
536 1997 744 2078 scorpionibus
764 2006 794 2058 et
813 1998 955 2078 solipugis
975 2007 1063 2078 gente

51 2086 172 2166 sublata,
201 2094 232 2146 ct
256 2105 271 2146 a
296 2085 500 2166 scolopendris
524 2086 643 2147 abactos
667 2088 868 2148 Rboetienses
891 2095 995 2148 auctor
1018 2095 1064 2147 est

51 2173 326 2256 Theophrastus,
359 2174 411 2234 sed
431 2175 467 2235 ad
486 2175 600 2254 reliqua
619 2176 751 2236 terarum
770 2193 879 2254 genera
898 2177 1062 2236 redeamus.

110 2260 172 2326 30.
192 2257 267 2346 (44)
300 2262 429 2342 Hyaenis
452 2270 609 2342 utramque
634 2283 699 2326 esse
724 2272 860 2324 naturam
883 2273 914 2326 et
932 2264 1054 2324 alternis
1067 2275 1116 2322 105

53 2355 127 2412 annis
146 2371 246 2413 mares
268 2351 390 2412 alternis
410 2354 534 2413 seminas
552 2353 626 2434 lieri,
648 2371 755 2433 parere
775 2355 839 2414 sine
858 2372 939 2413 mare
959 2352 1064 2432 vulgus

26 2441 151 2522 arrodit,
176 2440 397 2501 Aristoteles
420 2447 515 2520 negat.
547 2441 656 2502 collum
679 2449 708 2502 ct
726 2442 796 2503 iuba
820 2451 850 2503 et
868 2445 981 2518 unitate
1006 2444 1063 2522 spi-

55 2547 99 2588 nae
125 2531 307 2611 porrigitur,
338 2529 477 2608 flectique
508 2531 566 2590 nisi
596 2533 780 2592 circumactu
807 2534 899 2592 totius
930 2534 1064 2610 corporis

56 2635 106 2676 non
128 2621 202 2698 quit.
254 2617 346 2678 multa
369 2625 523 2696 praetcrea
552 2621 626 2679 mira
649 2620 821 2701 traduntur,
855 2620 907 2680 sed
930 2623 1055 2680 maxime
1067 2631 1118 2678 106

119 2861 211 2915 lelio
230 2859 272 2912 1²².
302 2859 334 2911 -ii
351 2858 393 2913 1¹¹.
422 2858 468 2913 ·iis
487 2864 533 2913 ad.
562 2861 597 2914 -is
616 2877 639 2914 r.
730 2867 745 2914 5
768 2865 797 2915 et
815 2877 868 2931 eqo.
895 2877 945 2915 om.
964 2862 992 2916 ll.

58 2935 103 2982 til
121 2931 316 3000 praemigraret
332 2930 408 2984 rial.
437 2934 609 3000 praenecamt
626 2931 670 2986 12².
700 2935 781 3002 gant
798 2949 821 2986 r.
895 2938 929 2985 10
950 2931 1066 2986 solertia

59 2998 110 3053 ditu
125 3003 162 3056 ιι.
187 3002 223 3055 -ti
241 3001 340 3055 auditu
357 3001 394 3055 αἱ
414 3004 473 3057 edd.
492 3008 556 3058 onte
569 3002 660 3058 Herod.
736 3009 767 3057 12
788 3020 850 3058 eam
868 3007 893 3056 (1.
917 3019 952 3056 ea
969 3020 993 3057 r.

61 3074 87 3122 18
103 3071 223 3128 insulam
241 3090 265 3126 a.
297 3075 301 3140 Ι
329 3072 438 3127 incolas
456 3073 542 3128 Borb.
569 3073 702 3128 amiclecs
720 3081 748 3128 F.
775 3073 916 3143 amyclecs
934 3090 957 3128 r.
1032 3079 1065 3128 19

60 3145 192 3210 amynclas
213 3144 256 3196 1²¹.
286 3143 411 3212 amyclas
428 3144 471 3198 1².
499 3145 617 3198 mincius
637 3149 661 3198 d.
689 3145 815 3215 mynelas
833 3161 856 3198 r.
943 3151 977 3198 20
1001 3145 1065 3199 soli·

62 3209 123 3280 iugis
139 3220 162 3267 n
181 3232 215 3269 ac
234 3231 304 3268 corr.
360 3221 392 3268 21
412 3215 596 3269 Rhoetienses
611 3217 702 3270 Hard.
719 3217 778 3271 coll.
793 3215 908 3270 Aeliani
926 3217 960 3270 de
976 3233 1004 3270 rt.
1020 3233 1065 3270 on.

65 3284 114 3332 XV
122 3290 167 3342 26.
199 3285 365 3340 otrerienses
382 3286 418 3337 1²
435 3287 467 3340 in
484 3302 539 3340 raa.
566 3286 680 3341 -riaeres
698 3292 770 3340 mid
789 3289 830 3357 (in
849 3290 866 3339 d
884 3288 1066 3354 dulcores).

64 3354 168 3411 etruriae
187 3373 233 3410 res
252 3375 276 3410 a.
345 3363 380 3410 24
399 3355 483 3411 armis
502 3357 567 3410 nm.
589 3359 593 3425 l
613 3374 690 3412 mare
709 3362 733 3414 d.
762 3359 799 3412 ·ri
816 3375 840 3411 r.
903 3363 936 3412 25
956 3358 1024 3412 iube
1042 3362 1065 3411 d.

65 3423 162 3501 nubam
181 3428 219 3482 ιιι.
247 3428 344 3481 iubam
362 3444 384 3482 r.
417 3431 421 3496 Ι
455 3427 563 3481 unitate
582 3432 634 3480 nt.
664 3431 732 3484 —iem
750 3436 827 3482 Dra.
860 3447 898 3484 ou
917 3427 1022 3483 collum
1041 3429 1067 3482 ei

64 3495 178 3552 iubatum
196 3502 226 3552 et
243 3498 351 3552 unitate
370 3498 466 3568 spinae
485 3497 680 3568 penigidum?
709 3501 759 3566 cfr.
778 3500 866 3555 Solia.
886 3505 934 3566 27,
948 3504 995 3554 23.

67 3568 92 3617 il
111 3585 164 3624 non
182 3570 245 3639 quit
263 3569 327 3622 illd.
346 3569 434 3624 Solia.
453 3571 470 3624 l.
491 3571 508 3623 l.
541 3570 670 3639 numquit
687 3577 717 3626 D.
745 3570 882 3638 numquid
900 3570 942 3624 1¹¹.
969 3569 1071 3636 nequit

66 3639 107 3690 Bt.
131 3641 182 3708 cfr.
201 3657 262 3696 noo.
281 3642 333 3694 lae.
348 3645 437 3708 p.82.

108 3727 242 3771 Pnucnnn.
258 3739 320 3770 urar.
347 3731 379 3771 11.
890 3737 906 3782 6
