2624 3954
381 156 463 214 unu.
484 161 576 216 uisu.
595 159 635 217 sn
654 170 687 221 av
708 165 834 236 (ee-vs)
1052 161 1116 234 253

1 365 2 374 ,
99 312 211 395 quibus
231 332 295 374 mos
315 321 361 374 est
381 311 522 375 cadavera
546 315 702 376 adservare
726 317 878 378 medicata.
914 317 993 378 hirto
1017 310 1169 380 corde185

1 403 2 406 ’
99 402 183 484 gigni
202 402 345 483 quosdam
364 404 500 464 homines
518 404 665 486 proditur,
688 423 785 485 neque
805 407 877 467 alios
897 408 1030 469 fortioris
1049 427 1116 469 esse

98 492 282 573 industriae,
318 494 396 553 sicut
418 492 625 554 Aristomenen
655 493 848 578 Messenium,
884 499 935 576 qui
965 505 1116 558 trecentos

99 581 210 642 oceidit
236 579 494 642 Lacedaemonios.
543 585 607 662 ipse
636 583 865 646 convulneratus
893 593 996 665 eaptus
1025 585 1116 648 semel

70 684 156 750 sper
174 689 330 731 cavernam
348 669 558 732 lautumiarum
576 674 669 733 evasit
691 676 841 752 angustias
864 675 996 755 vulpium
1019 674 1116 736 aditus

100 767 233 821 secutus.
270 762 379 821 iterum
400 768 502 839 captus
521 763 626 841 sopitis
645 761 820 824 custodibus
840 781 943 824 somno
962 755 1116 844 ad'ignem

100 849 258 911 advolutus
281 849 345 909 lora
368 867 437 910 cum
461 867 587 929 corpore
611 852 734 911 exussit.
771 853 894 912 tertium
917 860 1002 931 capto
1026 852 1115 914 Lace·

100 938 249 999 daemonii
272 947 379 1016 pectus
407 937 725 1021 dissecuereviventi,
753 938 962 1019 btrsutumque
991 959 1042 1002 cor
1069 961 1115 1002 re·

99 1035 221 1108 pentum
244 1035 298 1087 est.
668 1084 671 1090 ,
784 1085 786 1092 ,
1054 1053 1056 1058 ’

57 1132 86 1173 10
169 1110 243 1199 (71)
274 1115 308 1176 ln
332 1116 422 1176 corde
446 1134 562 1176 summo
585 1117 761 1195 pinguitudo
785 1117 930 1197 quaedam
953 1127 999 1179 est
1021 1118 1107 1178 laetis
1118 1125 1169 1176 186

100 1207 187 1265 extis.
234 1222 294 1264 non
318 1223 436 1285 semper
460 1213 560 1265 autem
581 1207 612 1264 in
635 1214 719 1285 parte
744 1214 881 1267 extorum
905 1206 1039 1268 habitum
1064 1215 1117 1268 est.

102 1292 134 1353 L.
153 1293 308 1354 Postumio
326 1291 358 1353 L.
375 1293 399 1368 f.
414 1292 519 1354 Albino
539 1311 610 1372 rege
630 1313 784 1355 sacrorum
802 1304 871 1374 post
890 1309 1000 1356 cxxvl
1019 1294 1117 1375 Olym·

101 1383 232 1463 piadem,
266 1400 334 1442 curm
361 1400 415 1442 rex
443 1381 577 1463 Pyrrhus
606 1401 642 1443 ex
670 1383 751 1443 ltalia
783 1386 974 1466 decessisset,
1005 1403 1057 1444 cor
1086 1387 1118 1444 in

102 1472 178 1531 extis
208 1471 381 1551 haruspices
410 1473 558 1551 inspicere
594 1480 766 1551 coeperunt.
823 1472 942 1534 Caesari
972 1472 1117 1552 dictatori,

60 1575 87 1616 15
103 1577 162 1638 quo
186 1559 233 1620 die
256 1561 385 1639 primum
409 1569 490 1621 veste
517 1578 669 1641 purpurea
696 1564 843 1641 processit
871 1571 959 1641 atque
986 1565 1018 1622 in
1047 1560 1117 1622 sella

103 1665 193 1708 aurea
215 1647 301 1730 sedit,
325 1649 502 1710 sacrificanti
524 1648 608 1710 bovis
631 1651 662 1710 in
686 1652 761 1710 extis
785 1651 889 1711 deluit.
924 1649 1003 1711 unde
1028 1668 1116 1729 quae·

102 1739 160 1798 stio
180 1755 284 1816 magna
303 1737 339 1798 de
357 1736 537 1799 divinatione
556 1738 841 1820 argumentantibus
863 1741 1033 1819 potueritne
1052 1741 1116 1799 sine

102 1825 152 1886 illo
175 1828 289 1886 viscere
309 1826 405 1886 hostia
427 1828 526 1886 vivere
550 1845 587 1886 an
611 1826 647 1886 ad
671 1835 788 1906 tempus
807 1830 948 1889 amiserit.
983 1836 1109 1906 negatur
1120 1833 1170 1883 187

103 1917 230 1976 cremari
247 1933 336 1994 posse
360 1917 390 1974 in
414 1917 451 1974 iis
470 1917 521 1993 qui
545 1914 679 1975 cardiaco
704 1914 808 1975 morbo
831 1915 970 1995 obierint,
992 1923 1118 1994 negatur

49 2019 90 2060 ao
103 2011 135 2064 et
166 2022 280 2063 veneno
313 2005 509 2081 interemptis.
565 2010 647 2063 certe
680 2011 776 2064 exstat
808 2006 902 2064 oratio
930 2002 1029 2063 Vitelli
1061 2022 1118 2082 qua

105 2091 242 2152 Gnaeum
269 2090 408 2150 Pisonem
437 2093 502 2151 eius
530 2090 652 2150 sceleris
681 2093 816 2168 coarguit
842 2090 899 2151 hoc
929 2109 1003 2151 usus
1032 2108 1118 2168 argu-

104 2187 206 2239 mento
234 2173 389 2258 palamque
417 2185 546 2239 testatus
573 2196 633 2238 non
661 2181 795 2258 potuisse
824 2178 861 2238 ob
888 2197 1037 2239 venenum
1067 2198 1120 2238 cor
1220 2249 1227 2258 ,

106 2266 273 2328 Germanici
298 2265 432 2328 Caesaris
456 2269 591 2327 cremari.
638 2275 743 2327 eontra
765 2285 875 2346 genere
899 2266 995 2327 morbi
1018 2267 1118 2327 defen-

106 2374 157 2416 sus
181 2363 227 2416 est
249 2355 327 2416 Piso.
594 2359 598 2362 '

65 2458 92 2500 rs
172 2438 245 2526 (72)
271 2443 333 2504 Sub
353 2462 388 2504 eo
407 2442 507 2523 pulmo
531 2450 577 2503 est
605 2443 794 2523 spirandique
818 2445 935 2505 officina
958 2443 1109 2505 attrahens
1120 2450 1171 2499 188

106 2552 139 2594 ac
158 2533 286 2594 reddens
305 2535 445 2613 animam,
463 2532 574 2593 ideirco
594 2550 778 2612 spongeosus
797 2551 830 2593 ac
853 2532 959 2593 fistulis
981 2532 1119 2594 inanibus

107 2641 203 2682 cavus.
248 2639 343 2700 pauca
366 2640 448 2702 eum,
471 2628 505 2682 ut
527 2621 639 2682 dictum
664 2629 722 2702 est,
749 2621 858 2682 habent
882 2621 1033 2702 aquatilia,
1062 2635 1172 2685 ce-9216

107 2718 170 2770 tera
189 2728 242 2769 ova
260 2712 407 2788 parientia
426 2712 565 2788 exiguum
585 2728 817 2788 spumosumque
835 2729 892 2772 uec
916 2712 1119 2788 sanguineum.

179 2862 336 2917 2fortioris
355 2863 402 2918 11¹.
431 2862 484 2918 -ori
501 2863 551 2915 11².
578 2879 652 2917 -ores
670 2880 714 2918 ro.
796 2863 984 2918 3industriae
1002 2862 1050 2916 1².
1079 2862 1119 2916 in-

108 2933 263 2989 drusbriae
276 2933 324 2987 11¹.
352 2933 489 2988 industris
507 2934 661 2989 cinaedi
691 2934 745 2989 ·ria
762 2933 820 2990 gc,
894 2940 1050 2988 dcauema
1067 2940 1119 2988 lie.

108 3021 169 3059 -nas
188 3010 212 3058 d.
238 3006 242 3072 Ι
268 3005 411 3074 angustias
429 3004 498 3058 113²
511 3003 570 3059 edd.
584 3009 644 3060 cett.
678 3005 747 3060 -tiae
765 3005 892 3059 nivaldi.
924 3007 964 3059 ·te
984 3005 1021 3060 (1¹.

108 3075 304 3132 scustodibus
323 3076 380 3158 lla).
407 3076 567 3146 pastoribus
585 3081 621 3135 H,
730 3076 879 3157 ttertium
898 3077 1033 3158 capitolii.
1067 3075 1120 3157 -tio

107 3147 440 3273 succum-v
458 3150 581 3274 ,cm
606 3147 942 3286 cauterem·
958 3146 1020 3272 vt·
1035 3145 1120 3270 cu:

107 3289 203 3342 licenti
220 3288 301 3343 bovis
321 3289 378 3343 Url.
398 3289 415 3344 l.
436 3290 453 3343 l.
482 3290 567 3343 -anbis
585 3294 620 3342 ll.
647 3289 770 3343 -nntibus
788 3306 811 3342 r.
837 3288 909 3342 -anbi
926 3287 970 3342 bis
988 3304 1011 3342 o.
1086 3291 1120 3339 18

108 3358 158 3414 illo
180 3365 232 3413 lto.
265 3359 324 3414 ullo
346 3366 401 3414 ur.
432 3362 436 3428 l
469 3359 596 3414 amiserit
612 3365 667 3415 Io.
701 3376 758 3414 om·
777 3376 799 3414 r.
830 3361 834 3427 Ι
867 3361 986 3428 negatur
1002 3356 1121 3412 ned,

110 3429 203 3486 -antbr
220 3448 243 3484 r.
326 3436 359 3485 19
378 3432 498 3500 negatur
515 3437 570 3486 llo.
605 3433 698 3485 -antur
716 3449 739 3484 r.
822 3436 854 3484 21
876 3430 1003 3484 Gnaeum
1021 3428 1122 3482 Ianus.

110 3517 213 3571 gneum
230 3505 264 3556 u.
293 3518 323 3556 re
341 3501 400 3556 uim
418 3509 448 3556 ll.
476 3519 555 3556 reum
573 3519 616 3556 ro.
689 3507 777 3556 27.28
798 3503 891 3555 cetera
909 3506 944 3554 Μ.
973 3515 991 3552 a
1009 3500 1064 3552 cet·
1084 3498 1121 3552 2¹.

111 3587 143 3626 ac
162 3574 218 3626 cet·
236 3574 325 3627 redd.
340 3579 403 3627 ante
416 3574 509 3628 Hard.
538 3575 569 3626 et
587 3575 643 3628 cet·
662 3574 732 3626 coni.
746 3572 813 3627 Dal.
895 3575 929 3623 28
949 3583 1122 3638 spumosum·

111 3658 164 3710 que
183 3647 217 3698 Ι.
250 3660 305 3710 que
324 3660 374 3700 om.
394 3661 437 3700 ro.
