2620 3948
402 121 485 174 unu.
504 121 596 178 mer.
616 123 655 176 11
674 128 689 176 s
710 127 800 193 (r-e)
1050 125 1112 190 119

79 279 124 331 ut
160 272 268 331 iniuria
296 271 414 350 fugatus
441 289 496 350 per
523 269 635 349 aliquot
661 289 793 353 menscS,
823 290 890 332 nrox
918 291 1057 336 reversus
1080 277 1112 336 in

78 359 203 420 eodem
226 358 370 420 miraculo
393 360 459 420 fuit.
495 361 621 420 iniuriae
641 367 824 439 potestatum
845 362 1057 440 inhospitales
1076 363 1111 424 ad

79 447 253 509 visendum
271 449 453 508 venientium
470 447 677 527 Hipponenses
698 451 729 508 in
749 465 854 510 necem
873 453 938 511 eius
961 451 1110 530 compule-

77 544 177 596 runt.
224 544 291 597 ante
321 535 395 596 haec
425 537 532 597 similia
561 537 597 596 de
623 555 718 616 puero
748 539 779 597 in
801 535 867 597 Iaso
895 538 969 599 urbe
999 558 1116 600 memo-=
1130 547 1163 598 21

47 641 63 681 5
80 632 213 706 rantur,
228 627 313 686 cuius
328 643 428 685 amore
443 631 594 704 spectatus
608 625 695 704 longo
710 633 853 706 tempore,
868 627 938 688 dum
953 627 1112 690 abeuntem

79 717 117 774 in
153 713 227 774 litus
255 713 337 774 avide
369 716 514 794 sequitur,
546 715 577 774 in
609 714 749 775 harenam
778 716 914 796 invectus
944 719 1110 797 exspiravit.

78 820 227 882 puerum
253 801 419 862 Alexander
446 802 569 881 Magnus
596 801 744 882 Babylone
767 803 916 882 Neptunio
945 805 1111 866 sacerdotio

78 891 241 970 praefecit
263 889 501 952 amoremillum
524 893 655 952 numinis
677 893 800 971 propitii
818 892 910 952 luisse
933 895 1110 973 interpreta-

79 988 150 1040 tus.
192 981 223 1040 iu
247 979 350 1041 eadem
373 978 448 1040 urbe
470 979 535 1040 Iaso
558 979 818 1059 hegesidemus
841 980 945 1043 scribit
968 989 998 1041 ct
1021 982 1111 1042 alium

35 1086 65 1124 ιο
79 1086 225 1149 puerum
252 1067 393 1128 Hermian
424 1069 543 1128 nomine
574 1068 711 1130 similiter
740 1071 832 1129 maria
863 1071 1111 1150 perequitautem,

80 1175 164 1218 cum
188 1159 362 1236 repentinae
385 1156 532 1235 procellae
556 1156 696 1218 fluctibus
720 1159 904 1226 exanimatus
923 1167 1012 1238 esset,
1035 1158 1109 1218 rela-

80 1255 167 1328 tum,
193 1245 424 1325 delphinumque
447 1263 564 1306 causam
586 1245 638 1306 leti
657 1246 799 1317 latentem
822 1265 882 1306 non
901 1264 1056 1308 reversum
1079 1249 1110 1306 in

80 1337 188 1396 maria
216 1340 304 1412 atque
332 1335 363 1393 in
391 1335 470 1394 sicco
499 1336 677 1413 exspirasse.
722 1335 780 1395 hoc
806 1334 886 1395 idem
914 1343 944 1395 et
966 1335 1110 1414 Naupacti
1129 1341 1163 1390 28

82 1423 240 1484 accidisse
264 1422 535 1501 Theophrastus
560 1423 657 1484 tradit.
694 1441 749 1484 neo
773 1424 879 1485 modus
898 1423 1109 1506 exemplorum.

40 1527 67 1567 15
84 1512 202 1573 eadem
234 1510 420 1590 Amphilochi
452 1519 482 1571 et
514 1510 667 1572 Tarentini
699 1511 735 1572 de
767 1513 870 1590 pueris
903 1511 1109 1591 delphinisque

83 1608 227 1662 narrant.
274 1618 349 1678 quae
368 1600 481 1660 faciunt
504 1607 537 1660 ut
560 1600 699 1661 credatur
717 1600 858 1660 Arionem
876 1619 1000 1679 quoque
1018 1600 1109 1661 citha-

83 1689 249 1749 roedicae·
266 1690 351 1770 artis,
381 1688 549 1749 interlicere
580 1690 677 1750 nautis
707 1691 738 1749 in
768 1691 842 1749 mari
871 1688 1045 1768 parantibus
1074 1690 1110 1749 ad

84 1777 330 1856 intercipiendos
354 1778 419 1837 eius
442 1784 597 1857 quaestus,
622 1776 804 1838 eblanditum
826 1785 860 1838 ut
882 1780 966 1856 prius
990 1785 1111 1838 caneret

85 1866 210 1928 cithara
240 1867 427 1944 congregatis
457 1873 546 1926 cantu
577 1865 737 1947 delphinis,
769 1884 838 1926 cum
869 1884 900 1926 se
930 1868 1051 1926 iecisset
1079 1868 1109 1926 in

44 1969 73 2008 ²0
87 1973 188 2035 mare,
212 1963 370 2033 exceptum
394 1953 430 2012 ab
454 1971 514 2014 uno
538 1953 705 2014 Taenarum
727 1956 759 2013 in
781 1953 852 2014 litus
874 1962 1056 2033 pervectum.

160 2036 217 2126 (9)
241 2041 295 2103 Est
307 2043 476 2121 provinciae
491 2041 692 2102 Narbonensis
716 2050 746 2101 et
764 2045 795 2102 in
809 2041 1016 2103 Nemausieusi
1038 2059 1109 2120 agro
1129 2059 1162 2107 29

87 2140 235 2211 stagnum
254 2130 380 2191 Laterna
403 2129 590 2211 appellatum,
612 2130 664 2191 ubi
683 2149 752 2190 cum
770 2130 889 2191 homine
909 2129 1041 2208 delphini
1063 2148 1110 2189 so·

88 2223 203 2282 cietate
231 2221 393 2300 piscantur.
438 2221 595 2280 innumera
622 2221 666 2279 vis
699 2217 842 2297 mugilum
873 2226 948 2278 stato
975 2225 1109 2298 tempore

89 2310 232 2386 angustis
255 2307 390 2368 faucibus
410 2309 506 2386 stagni
529 2309 560 2367 in
579 2325 660 2368 mare
684 2309 814 2386 erumpit
839 2305 993 2368 observata
1011 2315 1111 2367 aestus

50 2408 76 2448 ²⁵
90 2399 344 2476 reciprocatione.
390 2413 448 2475 qua
471 2395 507 2455 de
530 2413 619 2456 causa
642 2395 797 2475 praetendi
820 2413 880 2455 uon
899 2402 1013 2473 queunt
1036 2396 1111 2456 retia

89 2505 194 2564 neque
226 2484 319 2546 moles
347 2485 488 2564 ponderis
517 2483 577 2544 ullo
608 2485 695 2544 modo
726 2483 879 2564 toleretru,
910 2485 1024 2544 etiamsi
1050 2501 1110 2543 non

92 2574 230 2635 sollertia
256 2572 414 2635 insidietur
442 2575 579 2653 tempori,
624 2573 712 2633 simili
735 2575 849 2632 ratione
873 2574 903 2632 in
928 2571 1020 2632 altum
1042 2591 1110 2652 pro-

91 2664 176 2722 tinus
201 2662 328 2724 tendunt
342 2662 422 2740 quod
434 2663 532 2722 ricino
546 2663 661 2740 grugite
681 2661 818 2741 efficitur,
841 2661 999 2740 locumque
1015 2660 1110 2722 solum

93 2751 261 2827 pandendis
288 2750 403 2812 retibus
430 2749 558 2811 habilem
585 2751 716 2828 ellegere
744 2751 894 2810 festinant.
949 2748 1028 2828 quod
1058 2748 1109 2810 ubi
1128 2765 1164 2816 ao

54 2839 332 2900 oanimadvertere
365 2840 514 2918 piscantes
552 2871 593 2881 -
617 2840 784 2926 concurrit
804 2845 916 2908 autem
952 2837 1112 2898 multitudo

167 3028 377 3096 upotesbetum
399 3043 424 3080 c.
456 3029 526 3082 tem
549 3028 576 3082 ll.
687 3033 719 3080 12
739 3042 852 3080 causam
875 3042 900 3080 c.
932 3043 976 3079 -sa
994 3027 1022 3079 tl.

98 3099 130 3148 la
150 3099 307 3168 exspirasse
329 3114 354 3152 o.
387 3097 456 3166 spir·
480 3099 507 3152 ll.
582 3103 614 3152 15
639 3097 792 3164 eademque
815 3097 839 3149 d.
859 3113 899 3150 en
916 3096 1016 3150 eadem
1033 3113 1110 3150 nam-

97 3166 709 3237 11111111111111111.·111(11111111.
784 3173 816 3222 12
835 3166 927 3221 inv.
946 3183 997 3222 om.
1016 3183 1039 3221 r.

99 3239 130 3289 21
151 3238 339 3294 nemausiensi
357 3243 402 3293 de.
431 3255 473 3293 -se
491 3244 569 3294 Me.
596 3239 772 3294 nemusieuse
790 3243 822 3292 lt.
872 3243 906 3293 22
924 3237 1035 3292 laterna
1052 3237 1111 3292 ele.

99 3321 173 3362 -ena
192 3311 229 3364 dl,
267 3327 327 3364 -ere
349 3327 393 3365 re.
502 3316 536 3364 26
558 3326 649 3378 neque
674 3325 729 3379 epe.
763 3325 851 3377 aeque
875 3309 902 3363 ll.
937 3310 941 3375 1
974 3308 1063 3362 moles
1087 3326 1111 3361 ι.

101 3391 157 3430 -em
174 3397 197 3434 r.
218 3384 223 3449 t
242 3381 301 3436 ullo
320 3397 374 3450 eqo.
399 3380 478 3434 nullo
497 3381 525 3434 tt.
543 3397 567 3434 o.
596 3398 635 3436 en
652 3397 773 3449 nemque
789 3422 795 3433 .
811 3377 932 3435 ,111111οὲ
953 3379 957 3446 l
976 3378 1112 3432 toleretur

101 3451 169 3504 coni.
184 3450 246 3506 Slll.
273 3452 389 3506 tollebar
402 3458 433 3508 R.
452 3451 606 3520 toleratura
624 3451 654 3503 α1
667 3452 700 3504 in
713 3467 767 3506 rae.
791 3450 913 3504 tolerent
925 3449 973 3502 (11.ι
987 3448 1061 3501 loler
1074 3447 1111 3500 de

101 3516 245 3576 tolleretur
262 3540 285 3577 r.
354 3529 387 3577 22
405 3521 584 3576 insidiaretur
602 3527 650 3575 dr.
719 3527 753 3575 28
772 3538 827 3588 quo
845 3524 922 3580 Dra.
990 3523 1024 3570 29
1044 3534 1111 3586 pan-

103 3583 198 3644 dendis
217 3597 240 3646 d.
269 3594 317 3647 -bis
335 3599 414 3649 11111..
444 3595 497 3648 -les
515 3598 545 3648 r.
561 3597 566 3664 Ι
581 3593 664 3648 rebus
682 3591 778 3645 Bw.
