2636 3952
225 107 289 172 152
568 107 598 161 Ο.
617 107 717 162 PLINI
735 105 894 162 SECUNDI

224 259 310 318 clines
332 258 363 316 in
383 257 464 316 coitu
488 257 710 336 superveniunt,
733 254 832 335 polypi
851 256 933 316 crine
952 273 1013 316 uno
1036 256 1164 316 feminae
1188 273 1239 314 na-

224 345 308 407 ribus
334 343 462 425 adnexo,
492 345 608 424 saepiae
637 352 667 404 et
693 343 840 422 lolligines
871 343 994 425 linguis,
1024 352 1240 423 componentes

223 439 303 495 inter
321 451 354 494 se
372 432 511 499 bracchia
532 440 564 492 et
581 435 612 493 in
632 435 815 494 contrarium
833 440 946 493 nantes.
988 451 1041 493 ore
1060 441 1092 494 et
1108 435 1240 511 pariunt.

224 523 277 584 sed
299 522 399 602 polypi
421 523 583 582 interram
605 539 692 582 verso
711 523 808 602 eapite
826 529 948 603 coeunt,
971 521 1085 601 reliqua
1104 521 1239 581 mollium

173 621 224 669 159
234 612 327 692 tergis
345 618 380 671 ut
398 628 497 690 canes,
514 612 587 672 item
599 609 733 672 locustae
747 618 778 670 et
792 609 923 692 squillae,
942 613 1042 673 caneri
1055 627 1116 671 ore.
1149 627 1267 672 rauaee

225 701 448 780 superveniunt,
472 698 625 778 prioribus
646 697 856 779 pedihus'alas
879 700 1006 760 laminae
1029 717 1111 760 mare
1134 699 1239 778 aripre-

224 788 387 870 hendenle,
415 787 634 867 posterioribus
661 788 773 849 clunes.
825 790 946 868 pariunt
971 790 1106 848 minimas
1134 805 1241 848 carnes

225 880 338 958 nigras,
368 895 442 956 quas
462 878 590 954 aprinos
612 885 734 958 vocant,
761 877 856 938 oculis
879 884 994 939 tantum
1022 885 1052 938 et
1079 875 1172 937 cauda
1195 878 1240 936 in-

225 969 338 1047 signes,
364 983 433 1026 mox
455 965 549 1046 pedes
570 966 737 1045 ligurantur
761 967 854 1027 moda
876 965 1007 1027 findente
1031 983 1063 1028 se
1086 968 1116 1026 in
1139 972 1240 1044 poste-

225 1058 329 1118 riores.
385 1057 553 1134 mirnmque
586 1057 724 1116 semestri
756 1057 816 1116 rita
848 1054 1039 1117 resolvuntur
1070 1057 1102 1114 in
1133 1053 1240 1114 limum
1255 1069 1279 1112 ro

225 1144 306 1206 nullo
330 1139 485 1224 cernente,
516 1151 546 1204 et
568 1161 674 1205 rursus
701 1146 802 1205 vernis
824 1146 909 1224 aquis
937 1151 1136 1204 renascuntur
1163 1161 1240 1222 qnae

225 1234 319 1315 luere,
341 1241 466 1294 naturae
485 1232 610 1311 perinde
628 1232 745 1296 occulta
762 1235 886 1314 ratione,
908 1251 978 1294 cum
996 1231 1134 1293 omnihus
1152 1233 1242 1292 anuis

173 1329 224 1380 160
234 1323 265 1384 id
289 1323 412 1382 eveniat.
451 1327 482 1381 et
503 1321 601 1383 mituli
619 1329 649 1382 et
671 1323 806 1402 pectines
829 1329 934 1401 sponte
958 1328 1081 1382 naturae
1104 1322 1136 1380 in
1154 1319 1239 1381 hare·

225 1413 307 1474 nosis
329 1410 522 1490 proveniunt3
551 1427 626 1489 quae
654 1411 786 1472 durioris
812 1415 906 1471 testae
934 1418 1017 1490 sunt,
1044 1417 1078 1469 ut
1100 1411 1241 1489 murices

225 1517 386 1580 purpurae,
409 1496 543 1560 salivario
564 1498 690 1581 lentore,
714 1501 791 1559 sieut
809 1506 964 1560 acescente
988 1515 1093 1558 umore
1114 1497 1240 1578 erilices3
1256 1513 1280 1554 n

226 1606 302 1667 apua
325 1604 430 1666 spuma
452 1589 543 1647 maris
565 1587 773 1668 incalescente,
800 1605 869 1652 cum
892 1587 1039 1649 adnnssus
1062 1594 1108 1646 est
1130 1585 1240 1666 imber,

226 1694 301 1756 quae
315 1693 387 1736 vero
401 1675 502 1736 siliceo
517 1677 646 1754 tegmine
660 1679 846 1756 operiuntur,
869 1683 903 1736 nt
917 1684 1025 1755 ostrea,
1047 1683 1239 1754 putrescente

225 1765 297 1826 limo
324 1771 376 1824 aut
403 1781 506 1844 spuma
536 1766 615 1825 eirea
641 1767 756 1844 navigia
785 1765 898 1826 diutius
929 1766 1037 1825 stantia
1067 1763 1239 1842 defixosque

225 1853 308 1933 palos
344 1860 375 1914 et
405 1851 518 1932 lignum
549 1855 684 1914 maxime.
729 1870 826 1933 nuper
857 1860 1044 1932 compertum
1080 1855 1111 1912 in
1144 1860 1237 1912 ostre-

226 1943 296 2002 ariis
319 1957 455 2002 umorem
476 1941 524 2002 his
546 1941 690 2004 fetificum
711 1941 796 2003 lactis
814 1941 903 2002 modo
922 1941 1054 2002 effluere.
1091 1940 1236 2020 anguillae
1252 1957 1279 1997 eo

226 2037 359 2092 atterunt
378 2048 410 2090 se
429 2029 567 2109 seopulis.
604 2047 639 2105 ea
657 2033 832 2109 strigmenta
849 2033 1012 2111 virescemt,
1036 2047 1103 2090 nec.
1115 2029 1171 2090 alia
1194 2037 1240 2090 est

175 2127 223 2176 161
236 2137 339 2181 earnm
368 2120 544 2198 procreatio.
590 2120 718 2200 piscium
749 2119 865 2180 diversa
896 2137 1006 2199 genera
1033 2137 1094 2179 non
1122 2126 1232 2178 coeunt

226 2216 345 2289 praeter
373 2208 540 2286 squatinam
569 2214 600 2268 et
626 2209 732 2289 raiam,
765 2226 801 2268 ex
834 2207 942 2288 mribus
974 2209 1108 2268 nascitur
1138 2209 1239 2286 priore

226 2304 310 2376 parte
329 2297 408 2356 raiae
427 2295 541 2376 similis,
564 2303 594 2356 et
612 2313 721 2356 nomen
741 2313 778 2356 ex
796 2305 925 2374 utroque
944 2297 1142 2376 compositum
1162 2294 1240 2375 apud

174 2393 224 2443 162
236 2385 365 2446 Graecos
387 2383 487 2444 trahit.
536 2384 681 2462 quaedam
703 2394 838 2465 tempere
865 2387 935 2445 anni
961 2387 1127 2464 gignuntur
1153 2391 1184 2444 et
1209 2387 1241 2444 in
1255 2403 1284 2445 se

227 2491 331 2535 umore
363 2481 397 2534 ut
426 2474 458 2532 in
487 2479 581 2553 terra,
612 2489 682 2534 vore
711 2475 860 2555 pectines,
890 2473 1025 2555 limaces,
1054 2472 1241 2534 huundines.

227 2561 330 2624 eadem
353 2569 486 2639 tempore
511 2567 698 2623 evanescunt.
736 2563 864 2642 piscium
886 2562 976 2642 lupus
999 2570 1030 2623 et
1047 2561 1171 2622 trichias
1194 2561 1241 2622 bis

227 2667 304 2710 anno
326 2651 418 2731 parit,
447 2656 478 2709 et
501 2649 637 2711 saxatiles
659 2669 772 2713 omnes.
818 2651 953 2712 nomoulll
980 2659 1035 2731 ter,
1064 2658 1098 2711 ut
1120 2649 1241 2732 chaloiS,

227 2740 342 2820 cyprini
363 2740 491 2819 sexiens,
512 2755 696 2818 scorpaenae
718 2739 774 2820 bis,
797 2757 831 2801 ac
854 2742 933 2820 sargi
951 2757 1021 2800 vere
1040 2747 1071 2800 et
1089 2746 1241 2819 autumno,

226 2847 263 2888 ex
285 2827 381 2908 planis
404 2828 540 2906 squatina
562 2826 623 2909 bis,
645 2827 707 2888 sola
730 2836 887 2911 autumno,
910 2845 1018 2889 occasu
1041 2826 1241 2909 vergiliarum,
1255 2847 1283 2890 ao

298 3085 454 3155 esquiliae
472 3103 497 3142 c.
527 3086 598 3140 schi·
617 3089 646 3142 ll.
729 3089 834 3142 tmesi
851 3093 883 3142 B.
968 3087 1117 3158 ligyrinos
1135 3103 1160 3142 υ.
1189 3088 1242 3142 eri-

224 3177 275 3216 nos
294 3162 318 3212 cl.
347 3157 420 3212 chri·
438 3175 461 3212 r.
478 3159 483 3228 l
498 3157 621 3240 insignes
639 3157 678 3212 ι’,
706 3175 752 3213 -ne
770 3175 794 3212 r.
885 3163 917 3212 li
935 3160 1054 3212 murrae
1072 3157 1165 3213 Hasd.
1192 3174 1243 3214 na·

225 3235 271 3287 tec
290 3230 318 3285 ll.
393 3235 426 3284 18
445 3230 688 3298 etpeclrnesld.
715 3231 833 3298 peel-n
868 3231 872 3298 Ι
904 3232 1049 3285 naturae.
1076 3230 1161 3284 usne
1179 3229 1244 3283 1¹1

225 3319 258 3356 ec
276 3317 346 3358 corr.
424 3301 457 3354 15
477 3299 609 3357 salivario
626 3317 651 3355 o.
680 3299 751 3354 -rias
769 3301 797 3356 ll.
827 3302 832 3368 Ι
861 3303 1008 3356 acescente
1026 3301 1085 3356 eod.
1103 3299 1242 3356 Sabarai.

225 3387 317 3427 acere-
336 3376 361 3425 d.
386 3387 465 3426 aere·
484 3389 507 3427 r.
561 3377 595 3426 il
616 3371 847 3442 sosnbseopulis
859 3371 898 3425 1²
914 3372 947 3428 in
958 3387 1045 3442 scarp.
1100 3371 1243 3427 tardam

224 3447 255 3495 B.
273 3457 382 3502 ¹rammi
400 3460 423 3497 r.
479 3449 513 3497 24
531 3443 622 3498 rariae
640 3461 665 3496 e
725 3447 759 3497 26
777 3441 952 3515 hirnllldines
969 3448 1001 3498 B.
1060 3447 1094 3497 28
1112 3441 1243 3497 nonnulli

225 3511 298 3565 Dect
321 3529 380 3566 non
396 3513 478 3566 mulli
495 3513 537 3566 1².
565 3512 646 3568 molli
663 3511 701 3566 ι’.
726 3513 808 3568 mulli
825 3532 848 3570 r,
921 3519 956 3569 29
975 3527 1144 3584 scorpaenae
1162 3513 1242 3569 codd.

217 3579 312 3650 Barla]
340 3597 442 3650 —penae
462 3582 542 3650 cntffl
562 3589 589 3637 1¹.
617 3599 756 3653 corpoene
774 3589 805 3639 B.
834 3600 916 3656 pene
934 3603 958 3640 r.
1033 3657 1039 3665 ⁸
