2620 3948
222 157 285 222 116
568 152 598 208 C.
617 152 715 216 nunu
735 149 892 206 securim

221 311 395 386 spectantur
424 301 457 364 ea
484 300 597 381 proelia
626 319 681 361 ceu
709 301 784 360 mari
807 302 864 378 ipsi
892 297 949 358 sibi
970 289 1060 382 irato,
1088 300 1178 361 nullis
1205 303 1237 361 in

218 397 287 455 sinu
310 395 419 473 ventis,
449 390 591 452 fluctibus
614 407 684 449 vero
713 388 750 448 ad
773 387 921 449 anhelitus
944 389 1081 468 ictusque
1110 396 1237 468 quantos

166 481 292 546 lentilli
314 481 449 542 turbines
472 479 597 539 volvant.
639 495 709 537 orca
733 479 817 537 etin
840 484 929 556 portu
951 476 1083 538 Ostiensi
1105 480 1168 538 visa
1191 486 1238 540 est

218 577 426 652 oppugnatae
450 567 571 628 Claudio
594 568 739 646 principe.
786 573 908 626 venerat
933 573 1000 626 tum
1025 565 1236 627 exaedificante

218 678 254 720 eo
268 666 388 738 portum
406 659 529 718 invitata
548 655 709 734 naufragiis
724 662 878 734 tergorum
893 655 1086 716 advectorum
1102 673 1119 715 e
1134 655 1236 737 Gallia,
1251 668 1264 708 ⁵

218 750 387 826 satiansque
411 764 443 806 se
466 763 521 825 per
545 743 713 823 complures
735 743 799 803 dies
822 743 938 826 alvepm
961 746 991 803 in
1006 745 1079 805 vado
1103 743 1235 804 sulcave-

218 844 265 897 rat
288 834 463 896 attumulata
476 832 618 894 fluctibus
640 833 803 893 intantum
821 839 855 892 ut
869 833 1032 912 circumagi
1050 833 1132 894 nullo
1147 834 1236 896 modo

218 932 321 1006 posset
344 931 383 1006 et,
406 923 478 984 dum
497 923 627 1002 saginam
646 923 839 1000 persequitur
862 921 979 982 inlitus
1002 921 1144 983 fluctibus
1167 940 1236 1000 pro·

218 1013 343 1094 pulsam,
367 1013 511 1073 emineret
529 1011 618 1071 dorso
633 1008 761 1070 multum
784 1027 874 1089 supra
894 1027 986 1088 aquas
1009 1012 1126 1070 carinae
1140 1013 1238 1072 vicem

167 1117 200 1166 15
219 1105 363 1164 inversae.
409 1097 564 1180 praetendi
586 1095 674 1160 iussit
698 1097 805 1160 Caesar
828 1099 928 1178 plagas
952 1099 1132 1202 multiplices
1155 1102 1236 1160 inter
1253 1116 1277 1152 ιι

219 1210 272 1252 ora
293 1197 408 1271 portus,
430 1189 645 1268 proiectusque
667 1189 731 1268 ipse
755 1206 826 1248 cum
844 1189 1042 1267 praetorianis
1061 1187 1236 1249 cohortibus

120 1349 128 1362 ‚
218 1278 329 1368 populo
352 1237 485 1338 Robranc
513 1284 598 1356 spect
586 1275 718 1337 tacidum
739 1275 879 1355 praebuit
906 1277 1024 1337 lanceas
1052 1285 1236 1356 congerente

204 1350 312 1430 milite
336 1384 352 1426 e
376 1367 498 1445 navigiis
522 1365 670 1427 adsultant
657 1364 752 1446 tibus,
776 1383 904 1444 quorum
928 1384 1022 1426 unum
1045 1367 1141 1444 mergi
1163 1366 1236 1425 vidi·

219 1475 287 1517 mus
309 1453 415 1515 reflatu
438 1453 542 1514 beluae
566 1453 717 1534 oppletum
740 1453 827 1516 unda.
951 1453 962 1484 ²

169 1571 202 1620 lo
287 1537 338 1626 (6)
363 1541 422 1602 Ora
445 1541 594 1602 ballaenae
612 1542 753 1604 habent
745 1561 776 1602 ιιι
791 1541 949 1624 frontibus,
971 1543 1099 1622 ideoque
1118 1561 1236 1604 summa
1252 1557 1278 1597 15

223 1649 298 1712 aqua
314 1637 450 1691 natantes
469 1632 500 1690 in
520 1630 647 1691 sublime
662 1630 778 1692 nimbos
802 1631 911 1692 efflant.
951 1626 984 1694 i.
1009 1633 1123 1711 spirant
1137 1639 1238 1693 autem

221 1720 408 1782 confessione
431 1721 565 1780 omnium
595 1727 625 1780 et
651 1721 829 1798 paucissima
857 1720 913 1780 aha
935 1721 967 1780 in
990 1723 1066 1781 mari
1083 1733 1168 1799 'quae
1192 1723 1237 1781 in-

221 1817 376 1869 ternorum
409 1809 557 1868 viscerum
584 1807 755 1888 pulmonem
785 1807 909 1890 habent,
939 1811 1078 1888 quoniam
1094 1810 1170 1868 sine
1201 1828 1237 1868 eo

222 1899 336 1977 spirare
369 1895 475 1957 animal
507 1896 622 1958 nullum
653 1904 784 1976 putatur.
830 1915 885 1957 neo
917 1899 1046 1976 piscium
1078 1897 1236 1958 branchias

221 1985 365 2046 habentes
388 1984 551 2047 anhelitum
578 1985 706 2047 reddere
734 2003 767 2045 ac
790 2003 844 2064 per
867 1987 947 2047 vices
974 1989 1110 2066 recipere
1134 1987 1235 2048 existi·
1251 2001 1278 2040 so

222 2081 304 2136 mant
327 2092 455 2153 quorum
471 2075 545 2135 haec
564 2076 663 2162 opinio
683 2082 738 2154 est,
761 2092 816 2134 nec
835 2074 927 2136 multa
946 2074 1001 2135 aha
1019 2093 1128 2154 genera
1148 2077 1237 2136 etiam

222 2162 372 2224 branchiis
396 2165 540 2242 carentia,
569 2164 601 2222 in
625 2181 683 2242 qua
706 2165 854 2224 sententia
882 2164 975 2224 fuisse
1003 2163 1238 2224 Aristotelem

172 2269 204 2318 17
223 2251 308 2314 video
337 2258 367 2312 et
389 2251 491 2313 multis
518 2253 702 2331 persuasisse
731 2251 867 2312 doctrina
889 2251 1063 2330 insignibus
1110 2269 1166 2326 nec
1189 2270 1237 2312 me

222 2343 361 2422 protinus
391 2340 461 2400 huic
494 2341 626 2420 opinioni
657 2357 763 2401 eorum
795 2339 937 2401 accedere
966 2341 1045 2401 haud
1074 2341 1238 2420 dissimulo,

223 2431 363 2508 quoniam
390 2434 421 2488 et
442 2429 617 2507 pulmonum
644 2431 708 2489 vice
736 2428 792 2488 alia
818 2431 935 2508 possint
965 2427 1114 2508 spirabilia
1137 2431 1281 2490 inesses

223 2519 337 2578 viscera
355 2519 395 2576 ita
414 2514 530 2578 volente
550 2524 664 2598 natura,
688 2519 766 2577 sieut
785 2524 815 2577 et
837 2535 892 2596 pro
907 2520 1050 2596 sanguine
1070 2524 1116 2578 est
1134 2517 1238 2578 multis

223 2606 298 2666 alius
322 2623 416 2666 umor.
462 2608 493 2668 in
516 2623 607 2686 aquas
630 2606 752 2684 quidem
774 2612 932 2684 penetrare
951 2606 1070 2667 vitalem
1087 2605 1168 2666 hunc
1187 2605 1237 2666 ba-

223 2695 309 2756 litum
332 2695 398 2772 quis
421 2693 547 2755 miretur
570 2696 621 2774 qui
645 2695 733 2755 etiam
755 2693 841 2755 reddi
864 2694 900 2755 ab
922 2695 969 2755 his
993 2714 1062 2756 eum
1081 2702 1183 2756 cernat
1208 2704 1240 2755 et

223 2785 255 2844 in
278 2790 373 2844 terras
397 2791 555 2862 quoquot
543 2790 625 2844 tanto
653 2784 827 2862 spissiorem
853 2791 905 2844 nat
905 2803 976 2845 urae
1005 2791 1121 2863 partem
1147 2801 1240 2863 peue-

224 2879 303 2933 trare
332 2879 506 2950 argumento
476 2870 704 2932 toanimalium
732 2889 809 2950 quae
836 2890 954 2954 semper
983 2872 1100 2933 defossa
1127 2874 1242 2952 vivunt
1256 2886 1281 2925 su

173 2979 205 3027 18
225 2979 281 3024 ceu
304 2956 425 3040 talpae?
455 2961 600 3022 accedunt
627 2960 705 3038 apud
729 2978 775 3020 me
804 2968 886 3022 certe
910 2962 1041 3022 efficacia
1064 2968 1098 3022 ut
1121 2960 1241 3023 credam

327 3080 439 3089 ...·..n-

298 3130 456 3201 11ps12d
485 3137 707 3186 sensatuli
762 3131 1000 3186 auoluuntsat
1031 3131 1185 3188 cotanen.

226 3207 411 3274 8sagenalt
436 3219 515 3258 -nam
527 3207 605 3256 nra
673 3203 912 3272 epropulsanu.
987 3207 1185 3258 tenerescit.

226 3281 261 3330 99
279 3273 437 3329 redderes.
468 3272 538 3328 redd
555 3273 621 3326 ιιι.
649 3272 815 3328 redditurr.
843 3273 1000 3329 reddituros
1024 3279 1084 3345 (om
1104 3274 1147 3340 ao)
1170 3275 1242 3328 coni

226 3349 321 3401 Ionas
394 3349 427 3398 23
447 3344 604 3400 doctrinam
622 3363 646 3398 a.
671 3345 676 3413 Ι
700 3343 856 3427 insignibus
881 3345 938 3399 Uri
957 3345 1034 3400 eiad
1053 3348 1162 3400 ιι.189.
1190 3344 1242 3424 cfr.

226 3433 287 3472 noe.
307 3418 358 3470 lae.
375 3432 405 3484 p
423 3421 469 3472 95
494 3415 655 3486 indignibns
668 3420 724 3468 Μ·
750 3414 903 3517 indiguisjss
920 3421 952 3470 n.
978 3414 1207 3496 indignissll'd.¹
1199 3432 1243 3470 ιιι-

227 3485 377 3565 daginibus
393 3504 438 3542 sc
511 3491 545 3540 ιι
564 3486 622 3541 alia
635 3487 754 3557 possunt
769 3487 814 3540 12².
830 3485 950 3557 possint
964 3487 1021 3541 alia
1039 3487 1077 3540 ι’
1107 3484 1164 3540 alin
1177 3501 1243 3555 pos-

229 3555 285 3610 sint
307 3557 458 3625 (·suntn1)
487 3557 544 3611 alia
571 3575 594 3611 r.
666 3563 700 3612 26
729 3559 758 3612 et
780 3557 817 3611 2².
850 3573 901 3612 om
922 3575 945 3613 r.
1018 3564 1051 3612 29
1079 3558 1189 3626 quartem
1217 3575 1243 3610 s.

228 3627 357 3679 ariemr.
431 3633 463 3682 31
484 3627 606 3682 efficatia
624 3627 686 3679 ι’
671 3644 703 3681 aa
721 3643 776 3682 ras.
805 3627 952 3699 efficissld.
982 3628 1114 3683 efficiar.
