2610 3960
382 186 467 242 nau.
485 185 579 243 Hier.
598 187 651 244 ΧΠ
670 194 684 242 1
706 191 796 260 (s-s)
1029 191 1094 258 281

134 331 195 422 (4)
218 335 282 398 Hoc
301 343 400 398 actum
424 338 503 398 circa
527 345 628 417 captae
651 335 736 400 urbis
759 327 895 423 aetatem,
918 347 1131 422 tantumque8

61 435 174 508 postea
198 426 324 488 honoris
345 427 472 487 increvit
494 432 529 489 ut
551 440 635 488 mero
657 428 757 489 inluso
781 431 978 493 enutriantur.
1016 448 1095 492 com·

61 523 193 597 portum
211 515 242 576 id
266 515 393 576 maxime
416 514 560 594 prodesse
583 515 742 598 radicibus,
765 517 982 598 docuimusque
1006 521 1096 582 etiam
1142 538 1149 544 ·

65 605 198 666 arbores
220 605 289 665 rina
311 611 425 684 potare.

38 706 50 747 s
133 687 193 776 (5)
218 691 391 754 Celebratae
415 700 486 754 sunt
502 695 634 772 primum
651 695 683 754 in
702 693 900 757 ambulatione
920 695 1131 760 Academicos

63 783 197 844 Athenis
240 780 417 844 cubitorum
448 795 566 843 xxxln
607 783 706 844 radice
747 801 848 845 ramos
890 785 1096 848 antecedente.

63 889 148 933 nunc
180 877 229 932 est
261 870 340 932 clara
371 872 402 931 iu
429 869 519 950 Lycia
550 871 643 934 sontis
673 871 763 952 gelidi
795 874 876 934 socia
908 877 1096 959 amoenitate,

64 962 173 1021 itineri
191 958 338 1042 adposita,
357 958 498 1022 domicilii
516 960 604 1022 modo
628 979 699 1024 cava
723 964 873 1042 octoginta
892 970 980 1042 atque
1004 965 1096 1025 unius
1195 1013 1197 1018 .
1290 1003 1291 1026 2

63 1049 182 1129 pedum
215 1066 322 1130 specu,
354 1065 511 1109 nemorosa
538 1051 650 1110 vertice
683 1057 714 1111 et
746 1067 778 1111 se
811 1053 902 1112 rastis
932 1059 1095 1131 protegens

31 1149 54 1189 ιο
66 1141 161 1200 ramis
192 1137 334 1198 arborum
359 1139 474 1220 instar,
499 1155 586 1217 agros
614 1138 712 1218 longis
740 1138 879 1210 obtinens
906 1139 1022 1202 unibris
1052 1158 1096 1224 ac,
1146 1196 1149 1200 .

65 1226 214 1306 nequid
245 1225 322 1288 desit
352 1226 511 1306 speluncae
541 1228 676 1309 imagini,
708 1245 796 1290 saxea
822 1231 904 1291 intus
932 1229 1096 1309 crepidinis

66 1333 183 1376 corona
207 1332 363 1376 muscosos
386 1315 538 1394 complexa
567 1318 715 1399 pumices,
745 1324 805 1378 tam
833 1317 923 1398 digna
951 1317 1096 1379 miraculo

52 1412 100 1464 ·ut
124 1403 295 1465 Licinius
318 1402 504 1466 Mucianus
527 1411 575 1465 ter
602 1405 708 1466 consul
738 1412 769 1466 et
797 1424 894 1486 nuper
923 1408 1095 1486 provinciae

68 1494 134 1554 eius
153 1493 275 1572 legatus·
295 1492 482 1573 prodendum
506 1495 596 1555 etiam
618 1496 748 1574 posteris
770 1497 919 1574 putaverit
942 1495 1120 1575 epulatum·

34 1583 149 1643 reintra
170 1599 238 1642 eam
257 1599 289 1642 se
308 1599 377 1642 cum
396 1580 657 1646 duodevicensimo
680 1585 802 1665 comite,
820 1584 901 1664 large
924 1586 989 1664 ipsa
1011 1591 1095 1646 toros

68 1669 237 1749 praebente
260 1669 390 1751 frondis,
422 1669 472 1734 ab¹
486 1673 567 1732 omni
594 1671 703 1733 adllatu
731 1689 886 1754 securum,
920 1680 1093 1753 captantem
1124 1697 1126 1702 ·

68 1758 215 1822 imbrium
246 1777 300 1839 per
330 1758 399 1820 lolia
430 1761 576 1841 crepitus,
608 1760 761 1826 laetiorem
794 1779 881 1841 quam
910 1780 1094 1826 marmorum

68 1849 185 1930 nitore,
217 1850 352 1927 picturae
382 1850 538 1929 varietate,
570 1848 757 1934 laquearium,
782 1868 855 1912 auro
889 1850 1029 1914 cubuisse
1061 1853 1093 1914 in

70 1937 186 1998 eadem.
233 1936 312 1998 aliud
341 1937 509 2016 exemplum
537 1935 589 1998 Gai
616 1940 761 2020 principis
787 1941 819 2001 in
842 1938 993 2000 Veliterno
1021 1949 1147 2002 rareto

36 2027 173 2087 nmirati
200 2028 291 2087 unius
319 2023 449 2088 tabulata
477 2025 601 2106 laxeque
633 2041 784 2090 ramorum
812 2027 948 2090 trabibus
976 2045 1095 2091 scamna

71 2115 187 2196 patula,
220 2121 250 2174 ct
279 2116 311 2175 in
341 2133 376 2176 ea
406 2114 530 2197 epulati,
562 2133 631 2176 cum
659 2119 725 2196 ipsc
753 2133 823 2199 pars
853 2124 933 2178 esset
961 2115 1096 2199 umbrae,

71 2203 245 2281 quiudecim
269 2205 458 2264 convivarum
481 2222 515 2264 ac
539 2205 698 2266 ministerii
720 2207 820 2285 capaci
843 2204 983 2286 triclinio,
1005 2223 1095 2284 quam

73 2309 178 2356 cenam
197 2291 354 2372 appellarit
376 2291 425 2352 ille
444 2292 555 2370 nidum.
594 2301 640 2354 est
663 2293 810 2374 Gortynae
834 2296 865 2354 in
888 2293 985 2354 insula
1004 2292 1093 2356 Creta
1113 2302 1144 2354 11

72 2381 155 2444 iuxta
179 2381 293 2442 iontem
315 2380 452 2460 platanus
475 2398 535 2444 una
557 2384 682 2462 iusignIs
705 2384 863 2462 utriusque
887 2383 1005 2462 linguae
1032 2401 1095 2444 mo·

40 2471 230 2550 tenimentis,
252 2487 415 2550 numquam
437 2469 507 2530 lolia
529 2467 695 2554 dimittens,
718 2474 879 2552 statimque
903 2473 931 2532 ei
954 2471 1094 2534 Graeciae

73 2557 248 2620 fabulositas
277 2559 426 2638 superfuit
452 2558 553 2623 lovem
581 2558 638 2622 sub
670 2578 705 2622 ea
736 2579 804 2623 cum
832 2559 951 2640 Europa
985 2579 1093 2622 concu-
1141 2583 1147 2622 ;

74 2643 190 2730 buisse,
213 2665 269 2709 ceu
293 2665 364 2708 vero
387 2665 448 2709 non
472 2648 528 2710 alia
551 2647 685 2710 eiusdem
704 2651 823 2729 generis
842 2657 922 2712 esset
940 2650 971 2710 in
987 2648 1093 2730 Cypro.

75 2736 127 2796 sed
151 2755 188 2797 ex
212 2754 246 2796 ea
269 2737 400 2816 primum
422 2738 454 2799 in
476 2739 541 2816 ipsa
564 2736 660 2819 Creta,
683 2748 718 2800 ut
740 2746 786 2800 est
809 2745 915 2801 natura
938 2737 1093 2813 hominum

146 2960 327 3015 coelebrato
345 2961 389 3016 est
406 2959 467 3016 Sall.
547 2961 700 3016 cxxxln
718 2967 749 3016 a.
782 2961 944 3018 XXXad1.
976 2961 1096 3018 XXXIs

79 3047 97 3084 r.
128 3031 248 3086 XXXVI
270 3031 351 3086 nnius
375 3032 433 3086 edd.
454 3037 516 3088 octe
535 3032 626 3088 Haud.
664 3034 715 3100 cfr.
737 3033 870 3104 Ibeopbr.
892 3035 918 3088 b.
939 3034 979 3103 pl.
998 3035 1018 3086 Ι
1028 3037 1054 3100 7,
1068 3039 1094 3089 1.

83 3101 169 3159 Varro
188 3103 261 3159 der.
281 3121 304 3158 r.
323 3106 433 3169 137,5.
521 3105 668 3159 lectita.
697 3104 734 3158 sii
750 3122 774 3160 r.
858 3110 891 3159 10
909 3105 995 3162 ramis
1014 3105 1095 3160 arbo-

77 3189 137 3228 rum
154 3174 242 3230 Barb.
278 3189 421 3228 remorum
444 3173 589 3231 arbofibus
609 3175 706 3232 ldedd.
720 3180 780 3234 cete.
816 3177 820 3245 l
854 3175 983 3232 obtinens
1001 3177 1093 3231 ledd.

79 3251 140 3300 octe
152 3245 245 3316 Hord.
265 3247 326 3308 ruci
337 3244 450 3300 rHard.
515 3251 548 3300 12
563 3245 702 3301 miracula
713 3254 765 3301 ns.
827 3253 859 3302 13
873 3249 908 3305 ui
919 3261 970 3302 om.
984 3253 1035 3300 ne.

80 3320 116 3378 lb¹
130 3317 291 3388 captantem
310 3317 388 3372 Pone.
416 3317 466 3384 cfr.
481 3316 543 3373 Le'o.
561 3319 730 3371 XXXVIII
739 3323 766 3386 7,
776 3323 803 3374 8.
836 3319 980 3388 optantem
997 3321 1094 3372 leda.

81 3385 138 3442 obi-
152 3389 195 3442 n¹.
231 3389 305 3444 obstr
319 3388 363 3442 n'.
392 3388 552 3444 oblectante
571 3388 699 3459 (crepitu)
713 3389 787 3446 Detl.
862 3395 893 3444 17
908 3405 994 3458 quam
1005 3389 1094 3444 Buri).

81 3475 149 3526 quae
167 3477 193 3514 s.
225 3475 343 3528 quero.
421 3465 454 3514 18
478 3459 616 3514 nemetate
634 3465 686 3515 Ro.
719 3476 769 3516 om.
789 3479 811 3516 r.
890 3466 923 3516 19
942 3460 1002 3514 inre
1020 3463 1093 3513 Ded.

148 3536 181 3584 21
202 3530 310 3600 epulati
322 3530 438 3586 BBarb.
449 3531 488 3586 eol.
499 3531 567 3586 Bao.
587 3531 658 3586 anti
675 3530 822 3588 antecedat.
833 3536 893 3586 vett.
913 3530 1037 3600 opalentd
1050 3529 1094 3584 1³¹.

166 3607 200 3656 22
221 3601 318 3672 capaci
336 3606 367 3657 2.
401 3618 446 3658 ·ce
463 3602 551 3657 Barb.
585 3618 658 3658 -cem
676 3603 760 3658 redd.
770 3608 838 3658 octe:
926 3606 961 3655 24
984 3601 1095 3670 insigne

83 3675 131 3726 nd.
159 3689 205 3748 '¹²9
223 3691 249 3727 s.
321 3677 356 3728 28
371 3675 453 3728 crete
470 3675 503 3728 at
520 3678 594 3728 Edu.
624 3673 732 3735 crepuit
748 3680 800 3728 ns.
