2606 3952
335 181 420 236 nar.
439 181 531 254 mar.
550 179 617 235 mv
636 187 707 236 a-4
726 181 818 250 (4-4)
1022 181 1087 247 357

74 341 104 392 et
126 332 219 410 magis
241 347 425 412 purpureae,
453 332 628 410 cognomine
654 329 855 413 bimammiae,
882 330 1000 408 quande
1028 349 1088 392 non

73 437 217 501 racemos,
236 419 288 480 sed
307 437 378 482 uvas
396 418 467 481 alias
481 427 603 501 gerunt3
622 421 695 480 item
712 419 893 502 tripedanea,
912 422 961 482 cui
979 437 1088 481 nomen
1107 431 1141 480 41

75 528 91 569 a
118 526 258 570 mensura
285 516 344 590 est,
371 509 443 570 item
470 507 600 589 scripula
627 527 715 588 passo
743 511 828 569 acino
856 518 887 571 et
909 508 1029 572 Raetica
1057 511 1088 570 in

75 599 230 659 maritimis
251 595 375 678 Alpibus
399 597 556 680 appellata,
583 597 735 659 dissimilis
757 597 891 659 laudatae
914 597 964 660 illi.
1006 615 1087 660 nam·
1102 613 1128 653 aa

45 702 133 766 aque
155 685 229 747 baec
252 685 366 768 brevia,
393 687 527 748 conferta
550 688 648 768 acino,
676 687 807 766 degener
829 689 911 768 4144,
939 687 991 749 sed
1019 695 1089 749 cute

73 777 207 837 omnium
229 777 418 858 tenuissima,
442 776 566 856 nucleo,
593 775 673 855 qued
697 775 798 838 chium
820 784 940 858 vacant,
966 795 1027 837 unc
1056 793 1090 836 ac

73 867 206 946 minima,
229 866 348 925 acinum
365 865 581 944 praegrandem
598 881 693 926 unum
712 864 873 926 alterumve
892 864 1014 926 habens.
1045 872 1091 926 est

74 962 104 1014 et
130 955 216 1032 nigra
243 953 400 1036 Anrinnea,
432 956 482 1015 cni
514 954 652 1034 Spiacae
685 969 794 1016 nemen
826 955 988 1037 inponunt,
1019 955 1092 1015 item

73 1041 204 1122 Hispana
226 1041 402 1122 ignobilium
425 1042 643 1122 probatissima.

31 1148 59 1188 ra
89 1125 92 1132 '
142 1127 208 1211 (9)
240 1131 275 1190 ln
302 1131 435 1211 pergulis
462 1151 533 1193 vero
562 1139 706 1193 seruntur
733 1133 864 1193 escariae
888 1131 1050 1212 appellatae
1074 1142 1144 1191 eta

75 1220 236 1302 duracinis,
259 1219 355 1302 albae,
376 1223 493 1303 nigrae,
516 1229 547 1282 et
568 1221 698 1282 bumasti
719 1220 844 1283 totidem
867 1219 1030 1303 coloribus,
1058 1237 1092 1280 ac

74 1308 208 1370 nondum
227 1310 322 1370 dictae
336 1309 426 1389 Aegia
445 1319 475 1372 et
493 1309 606 1372 Rhodia
625 1318 657 1371 et
673 1311 808 1393 uncialis,
825 1310 906 1372 velut
923 1327 941 1370 a
958 1308 1092 1390 pendere

75 1400 162 1479 acini,
184 1399 257 1459 item
273 1400 373 1478 picina
390 1399 524 1460 omnium
542 1402 712 1482 nigerrima,
735 1407 766 1461 et
790 1401 945 1461 coronario
968 1405 1093 1460 naturae

75 1487 144 1550 lusu
172 1485 362 1570 stephanitiS,
394 1489 496 1550 acinus
528 1488 606 1550 loliis
638 1488 922 1570 intercursantibus,
955 1495 985 1548 et
1016 1482 1092 1567 puae

31 1592 60 1632 1⁵
76 1576 215 1638 iprenses
239 1584 397 1658 vocantur,
429 1577 543 1638 celeras
574 1585 734 1660 preventu,
766 1577 929 1639 vendibiles
961 1583 1094 1658 aspectu,

76 1672 196 1746 portatu
220 1665 330 1726 1441144.
376 1674 481 1727 centra
504 1667 682 1728 damnantur
711 1668 800 1728 etiam
827 1669 893 1728 visu
920 1668 1040 1727 cinerea
1063 1671 1095 1726 et
1181 1691 1183 1696 ·

77 1753 235 1816 rabuscula
254 1763 284 1816 et
302 1755 448 1838 asinusca,
466 1756 565 1817 minus
584 1763 684 1818 tamen
703 1756 812 1818 caudas
829 1755 963 1836 vulpium
981 1755 1094 1816 imitata

77 1839 214 1923 alopecia.
274 1842 471 1907 Alexandrina
507 1845 672 1925 appellatur
708 1846 776 1906 vitis
814 1847 893 1906 circa
923 1843 1095 1905 Phalacram
1113 1851 1147 1902 43

24 1999 26 2002 ,
76 1932 189 2014 brevis,
212 1934 303 1994 ramis
327 1932 520 2016 cubitalibus,
548 1936 633 1995 acino
656 1935 742 2014 nigro
770 1933 853 1994 fabae
881 1933 1094 2015 magnitudine,

31 2039 59 2079 ac
76 2020 184 2083 nrrcleo
214 2021 296 2082 molli
328 2029 359 2082 et
387 2023 524 2104 minimo,
556 2022 685 2102 obliquis
716 2024 843 2083 racemis
874 2020 1095 2103 praedulcibus,

76 2110 147 2170 14114
169 2127 261 2190 parvo
285 2117 316 2171 et
338 2111 481 2194 rotundo,
505 2113 570 2172 sine
593 2111 742 2172 divisuris.
793 2117 907 2191 septem
933 2111 981 2172 his
1009 2112 1096 2172 annis

75 2201 106 2259 in
137 2197 339 2260 Narbonensis
369 2201 539 2279 provinciae
566 2199 643 2261 Alba
670 2199 774 2262 Helvia
802 2201 921 2261 inventa
950 2206 997 2260 est
1026 2201 1095 2259 vitis

77 2306 137 2348 arno
162 2288 210 2349 die
229 2287 438 2370 deflorescere,
461 2287 499 2348 ob
521 2288 552 2349 id
575 2290 731 2350 tutissima.
769 2287 957 2350 carbunicam
981 2294 1096 2369 vocant,

77 2394 167 2456 quam
190 2395 270 2439 nunc
294 2385 356 2438 teta
378 2380 532 2458 provincia
555 2379 694 2439 conserit.

30 2482 59 2523 as
146 2459 180 2528 4.
205 2459 257 2549 (5)
286 2464 458 2528 Catonum
480 2466 530 2528 ille
552 2469 704 2548 primus,
730 2467 882 2546 trimnphe
911 2475 942 2529 et
969 2484 1096 2528 censura
1114 2475 1149 2524 44

76 2571 170 2634 super
202 2563 302 2616 cetera
321 2556 474 2638 insignis,
510 2558 604 2636 magis
636 2563 735 2618 tamen
767 2557 930 2618 etiamnum
946 2635 949 2642 ⁴
963 2557 1095 2618 claritate

76 2644 246 2706 litterarum
259 2647 489 2725 praeceptisque
503 2647 636 2706 omnium
650 2662 753 2706 rerum
772 2646 1005 2724 expetendarum
1020 2645 1096 2706 datis

76 2734 182 2811 generi
200 2731 343 2816 Romano,
365 2735 445 2796 inter
467 2736 564 2815 prima
586 2750 658 2796 vero
681 2751 787 2814 agrum
810 2733 936 2828 colendi,
959 2733 1008 2795 ille
1033 2734 1096 2794 aevi

151 2891 374 2957 1purpurae1.
448 2888 649 2958 itripedanea
667 2887 844 2959 a(D?)Barb.
873 2887 982 2942 -41411,
1010 2887 1095 2956 irapi-

76 2957 170 3013 danea
183 2962 226 3012 od.
256 2973 334 3028 erap·
353 2959 582 3015 4141441411441.
655 2959 766 3029 equod
780 2959 875 3016 chium
888 2959 993 3014 liliati.
1020 2958 1097 3028 quod

77 3028 136 3083 chii
149 3046 172 3084 r.
201 3044 285 3098 quem
303 3029 399 3084 chium
411 3046 436 3085 4.
510 3032 575 3086 8at
591 3035 670 3086 Ida.
688 3047 738 3086 om.
753 3049 776 3086 r.
792 3033 797 3101 Ι
813 3030 992 3087 4141441441.
1016 3029 1098 3098 Ὶ-1444

75 3116 122 3156 τυ.
150 3100 312 3155 amminnea
329 3105 354 3155 d.
436 3107 471 3156 10
490 3101 614 3157 escariae
631 3107 687 3157 14.
716 3105 760 3158 441
777 3117 823 3157 ca·
840 3118 864 3157 r.
947 3107 979 3155 11
998 3102 1096 3172 nigrae

75 3175 113 3227 Ι.
142 3187 256 3240 uaeque
274 3189 319 3228 ra.
393 3178 426 3228 1⁷
445 3172 581 3229 rabucula
598 3176 629 3230 n.
657 3174 720 3228 rba
738 3175 798 3230 add.
808 3178 870 3230 4411.
943 3177 976 3228 18
994 3172 1096 3226 Phala-

77 3259 156 3298 cram
173 3243 262 3298 Barb.
291 3243 361 3318 raia
380 3249 404 3298 d.
437 3244 597 3314 palacraiac
615 3249 646 3301 b.
678 3245 750 3301 -raie
768 3261 813 3302 44.
846 3245 946 3301 ·raiam
965 3244 1097 3299 addente

75 3314 166 3369 Barb.
257 3319 289 3369 21
311 3331 340 3370 44
360 3317 419 3370 tem
437 3315 482 3371 his
501 3316 582 3371 annis
601 3318 727 3386 septemo
745 3316 812 3372 hinc
831 3333 904 3372 anno
924 3334 948 3369 a.
977 3330 1006 3369 44
1041 3313 1096 3368 'mo

77 3385 182 3440 abhinc
200 3401 274 3441 anno
293 3387 326 3442 ed
346 3391 427 3442 ,4414
437 3386 495 3444 Gal.
524 3388 560 3443 ab
579 3403 629 3443 orn.
643 3388 737 3446 Hard.
846 3393 880 3443 22
902 3386 978 3441 Alba
1022 3383 1097 3438 elvia

76 3456 170 3512 Hard.
199 3457 293 3534 (Elaia
310 3457 450 3527 44141641.)
482 3459 547 3516 albo
566 3458 644 3514 aliua
662 3459 744 3530 (iria
761 3458 799 3513 ⁸⁹.
827 3458 904 3514 oluia
921 3459 955 3527 ll)
973 3471 997 3510 r.
1029 3469 1096 3508 arro

76 3527 298 3584 olinaeddeett.
327 3545 394 3584 arvo
408 3528 535 3586 adVera
609 3536 643 3585 23
662 3529 842 3585 carbunicam
855 3527 991 3582 aedDetl.
1020 3525 1099 3579 -cant

76 3605 107 3653 1).
137 3598 316 3655 carbunicam
334 3601 544 3658 addamus.
573 3601 663 3656 Narb-
677 3601 796 3658 4411144.
869 3603 903 3654 28
922 3597 971 3652 ille
984 3611 1053 3650 nero
1071 3611 1096 3646 a.

76 3670 155 3724 illius
173 3669 302 3728 lileen.
331 3670 409 3726 illias
426 3687 494 3727 vero
513 3672 572 3728 'cdd
583 3678 647 3729 ante
655 3670 744 3728 Rhea.
