2612 3962
215 119 281 188 354
560 119 589 176 C.
608 119 708 176 PLINI
727 117 885 174 SECUNDI

215 273 279 333 cior
302 279 349 331 est
366 269 543 353 coccolobis,
565 270 623 332 hoc
646 269 761 332 melior.
797 268 850 330 sed
873 277 905 330 et
927 276 1047 330 austera
1069 269 1179 330 transit
1202 270 1235 328 in

214 359 332 428 dulcem
351 367 507 442 vetustate,
530 367 562 421 et
580 377 655 438 quae
675 358 771 421 dulcis
789 358 846 419 fuit
863 359 895 418 in
913 359 1127 422 ausuriutsm.
1160 366 1236 418 tunc
1294 387 1295 426 1

213 448 325 510 Albano
343 451 412 510 vino
431 449 627 512 aemulantur.
668 447 791 510 tradunt
809 448 923 508 vesicae
942 447 1021 508 vitiis
1039 446 1236 508 utilissimum

161 544 195 594 al
215 557 252 598 ex
283 539 320 600 iis
351 546 465 619 potum.
515 537 639 598 albuelis
672 538 797 598 summis
829 535 986 598 arboribus
1018 535 1144 596 fertilior
1178 529 1236 617 est,

212 626 316 688 visulla
345 628 422 689 imis.
473 625 667 706 quamobrem
695 627 775 688 circa
802 625 922 687 easdem
950 632 1030 686 satae
1061 624 1264 686 diversitates
1295 651 1296 682 r

163 751 168 758 ·
213 724 336 778 naturae
350 714 541 796 locupletant.
568 715 758 777 inerticulam
771 733 788 776 e
802 715 896 794 nigris
909 713 1104 795 appellavere,
1121 715 1235 774 iustius

214 804 344 866 sobriam
363 806 482 887 dicturi,
505 807 671 866 inveterato
688 805 849 885 praecipue
869 801 1134 866 commendabilem
1152 804 1235 884 vino,

214 894 265 956 sed
284 893 398 957 viribus
415 896 576 977 innoxiam,
598 889 749 974 siquidem
764 891 970 960 temulentiam
987 891 1049 954 sola
1067 909 1128 954 non
1151 891 1234 954 facit

159 989 193 1037 32
281 979 346 1063 <5>
378 982 527 1045 Fertilitas
557 981 744 1044 commendat
771 987 886 1043 ceteras
912 983 1139 1062 principemque
1168 980 1233 1041 hel-

213 1089 383 1134 vennacam.
419 1071 479 1134 duo
498 1074 564 1134 eius
582 1089 706 1152 genera:
729 1071 823 1132 maior
846 1088 936 1151 quam
957 1069 1078 1150 quidam
1100 1069 1231 1152 longam,
1246 1086 1272 1126 10
1296 1125 1297 1138 ,

212 1162 311 1222 minor
333 1178 423 1241 qnam
449 1178 585 1223 marcum
611 1159 774 1242 appellant,
801 1177 862 1220 uon
889 1167 950 1221 tam
977 1158 1149 1241 fecundam,
1177 1159 1232 1220 sed

212 1251 373 1329 gratiorem
395 1249 512 1312 haustu.
549 1251 731 1314 discernitur
753 1249 823 1310 folio
847 1250 999 1330 circinato,
1020 1266 1127 1310 rerum
1148 1255 1232 1308 ntra·

212 1357 270 1418 que
303 1338 430 1419 gracilis.
484 1340 584 1402 furcas
621 1337 750 1400 subdere
786 1340 825 1400 iis
862 1338 1082 1418 necessarium,
1119 1336 1233 1416 alioqui

212 1427 381 1490 ubertatem
404 1445 488 1490 suam
511 1446 572 1488 non
594 1426 730 1489 tolerant.
776 1428 925 1488 maritimo
953 1425 1062 1488 adflatu
1089 1425 1232 1508 gaudent,
1297 1451 1298 1462 ¹

159 1522 193 1570 33
213 1518 330 1578 roscida
360 1515 459 1578 odere.
511 1515 591 1578 nulla
620 1517 725 1578 vitium
755 1517 865 1586 minus,
884 1515 997 1578 ltaliam
1029 1522 1127 1597 amat,
1152 1532 1232 1596 rara,
1246 1531 1271 1570 15

212 1623 313 1687 parva,
330 1612 508 1686 putrescens
527 1607 558 1668 in
577 1623 620 1688 ea,
639 1607 708 1666 vino
727 1623 846 1685 quoque
866 1604 945 1684 qnod
965 1605 1068 1683 genuit
1086 1610 1232 1666 aestatem

212 1711 273 1754 non
297 1697 494 1776 exsuperans,
521 1713 577 1757 nec
605 1694 661 1756 alia
683 1711 784 1756 macro
808 1693 871 1755 solo
895 1693 1075 1756 familiarior.
1122 1691 1231 1754 Grae·

213 1785 333 1864 cinus,
370 1784 422 1863 qui
459 1782 570 1863 alioqui
606 1782 815 1846 Cornelium
851 1781 993 1844 Celsum
1029 1782 1232 1862 transcripsit,
1298 1811 1299 1870 q

211 1871 374 1933 arbitratur
401 1889 463 1933 non
490 1879 627 1934 naturam
654 1874 720 1935 eius
747 1889 915 1952 repugnare
939 1871 1053 1952 ltaliae,
1085 1871 1137 1932 sed
1167 1871 1232 1932 cul·
1298 1879 1299 1904 ³

210 1969 308 2022 turam
338 1959 421 2024 avide
450 1961 586 2041 palmites
617 1963 812 2024 evocantium.
863 1959 901 2021 ob
931 1960 961 2022 id
991 1958 1145 2022 fertilitate
1175 1978 1232 2020 sua
1246 1976 1272 2016 ro

210 2049 335 2132 absumi,
357 2052 384 2112 si
407 2067 467 2112 non
489 2051 682 2131 praepinguis
704 2050 760 2112 soli
782 2049 904 2112 ubertas
927 2049 1139 2111 lassescentem
1162 2067 1230 2110 sus·

210 2142 311 2200 lineat.
361 2137 575 2210 carbunculare
599 2147 738 2221 negatur,
768 2157 872 2218 magna
896 2139 979 2220 dote,
1005 2140 1159 2200 siveram
1183 2146 1231 2200 est
1299 2167 1300 2216 q

210 2229 307 2307 aliqua
329 2230 360 2290 in
382 2229 442 2289 vite
466 2228 547 2290 caelo
570 2246 631 2289 non
654 2247 720 2289 esse
743 2231 800 2289 ius.

158 2324 194 2372 34
280 2314 345 2398 <6>
369 2318 478 2380 Aestus
496 2317 556 2378 fert
574 2319 698 2398 spionia,
717 2335 805 2398 quam
823 2316 942 2396 quidam
961 2317 1095 2396 spineam
1113 2327 1231 2399 vocant,

210 2409 421 2486 autumnisque
439 2405 586 2468 imbribus
604 2407 781 2487 pinguescit.
818 2407 1004 2486 quinimmo
1028 2405 1144 2493 nclprlis
1168 2425 1230 2468 una
1244 2421 1267 2461 es
1299 2443 1300 2490 ,

210 2494 308 2577 alitur,
331 2493 369 2556 ob
387 2494 419 2555 id
437 2495 600 2569 Ravennati
619 2513 690 2576 agro
712 2495 880 2575 peculiaris.
907 2495 1126 2558 vennunculam
1147 2498 1230 2556 inter

210 2585 320 2664 optime
343 2583 575 2646 deflorescentes
598 2592 629 2646 ct
651 2584 717 2645 ollis
745 2585 927 2665 aptissimam
950 2582 1092 2664 Campani
1113 2583 1230 2646 malunt

282 2763 296 2809 1
317 2755 459 2811 cocolobis
472 2773 518 2810 nv.
591 2762 607 2811 2
625 2757 796 2812 sensuum
808 2762 837 2809 1
850 2757 920 2812 coni.
930 2757 997 2814 Dal.
1015 2757 1067 2825 cfr,
1080 2756 1133 2812 tue.
1143 2761 1228 2828 p.99.

280 2833 297 2881 3
316 2827 450 2882 albanum
471 2825 570 2882 uinum
588 2827 916 2884 seddomoetflarn.
1025 2833 1042 2884 b
1064 2827 1170 2884 uisnlla
1191 2835 1227 2883 m

209 2897 269 2952 ula
286 2904 357 2954 boc.
384 2897 482 2952 uiuula
499 2903 524 2952 d.
552 2897 615 2954 uisu
633 2918 657 2956 n
684 2901 689 2969 Ι
713 2898 777 2954 imis
795 2915 845 2954 orn.
860 2917 885 2956 a.
911 2899 916 2969 Ι
941 2900 1006 2955 sede
1025 2897 1228 2956 duersitatem
1298 2857 1300 2990 ⁴

209 2970 311 3023 natura
328 2974 363 3024 Ι.
454 2975 525 3024 9.10
543 2969 729 3027 heluenecam
747 2971 832 3027 dedd.
843 2975 907 3028 onte
915 2971 995 3028 Brot.
1023 2970 1129 3026 -aicum
1146 2971 1228 3028 Brot.

209 3039 351 3096 -nnar'oam
374 3059 398 3095 ι
432 3041 507 3096 selu·
531 3058 553 3098 ο.
662 3047 694 3097 11
719 3059 816 3098 areum
834 3061 858 3097 ι.
896 3059 972 3098 cnm
989 3042 1124 3099 ccidente
1132 3043 1227 3098 Horti.

209 3127 351 3166 emarcum
369 3111 770 3181 Hard.eOolum.1112,25.
818 3155 822 3161 ‚
857 3119 890 3168 13
910 3113 1063 3170 subderent
1081 3132 1103 3168 c.
1133 3114 1228 3170 suble·
1299 3179 1300 3182 Ἴ

208 3202 232 3239 s.
307 3188 340 3237 15
359 3183 500 3238 roscidam
517 3187 553 3238 Ι.
586 3185 634 3241 ·do
651 3185 899 3250 arridentem.
917 3186 921 3254 Ι
938 3184 1024 3241 odore
1041 3186 1229 3242 armante
1299 3197 1300 3200 ’

208 3255 287 3310 Brot.
374 3260 408 3312 16
425 3255 524 3310 uinum
541 3254 932 3314 nuecomddonteoet.
1020 3262 1052 3314 11
1071 3260 1229 3330 exuperant

207 3332 243 3380 1.
272 3343 311 3380 cn
329 3325 442 3382 rante?
470 3327 535 3382 exui
553 3344 635 3384 arans
654 3332 759 3400 (errans
777 3331 804 3398 s)
824 3345 868 3383 ιο.
954 3333 990 3384 10
1008 3329 1156 3388 fertilitate
1176 3347 1228 3384 sun

208 3400 236 3450 Ι
250 3399 320 3452 coni.
330 3398 397 3454 Dal.
430 3401 501 3454 tem
525 3415 605 3456 suam
622 3417 666 3456 ro.
761 3406 794 3456 22
819 3399 1016 3456 carbunculum
1034 3418 1098 3456 sao.
1191 3408 1226 3456 24

209 3470 302 3523 aestus
320 3469 395 3526 111².
424 3471 547 3527 ι1111111
575 3473 647 3526 -bum
665 3487 709 3528 rr.
726 3474 730 3541 Ι
746 3469 844 3542 pionis
860 3472 966 3528 mbett.
994 3473 1104 3540 sedcfr.
1121 3471 1226 3534 eorem.

206 3541 258 3594 III
267 3545 354 3608 2,27.
431 3546 465 3596 25
483 3542 674 3612 imbribnsque
692 3547 716 3600 d.
744 3544 774 3598 et
790 3542 926 3598 imbribus
945 3559 970 3600 o.
1047 3547 1081 3601 26
1099 3559 1226 3598 nemun·

205 3610 301 3666 culam
318 3617 354 3667 Ι.
381 3611 541 3668 ueniculara
558 3629 581 3670 r.
1299 3629 1300 3640 *
