<?xml version="1.0" encoding="UTF-8"?>
<!DOCTYPE html PUBLIC "-//W3C//DTD XHTML 1.0 Transitional//EN"
    "http://www.w3.org/TR/xhtml1/DTD/xhtml1-transitional.dtd">
<html xmlns="http://www.w3.org/1999/xhtml" xml:lang="en" lang="en">
 <head>
  <title>
</title>
<meta http-equiv="Content-Type" content="text/html;charset=utf-8" />
  <meta name='ocr-system' content='tesseract 3.04.00' />
  <meta name='ocr-capabilities' content='ocr_page ocr_carea ocr_par ocr_line ocrx_word'/>
</head>
<body>
  <div class='ocr_page' id='page_1' title='image "./cplinisecundina02mayhgoog_0122.png"; bbox 0 0 2588 3956; ppageno 0'>
   <div class='ocr_carea' id='block_1_1' title="bbox 287 161 1109 231">
    <p class='ocr_par' dir='ltr' id='par_1_1' title="bbox 287 161 1109 231">
     <span class='ocr_line' id='line_1_1' title="bbox 287 161 1109 231; baseline 0.01 -15"><span class='ocrx_word' id='word_1_1' title='bbox 287 162 375 216; x_wconf 80' lang='lat' dir='ltr'>NAT.</span> <span class='ocrx_word' id='word_1_2' title='bbox 394 161 485 214; x_wconf 76' lang='lat' dir='ltr'>HIST.</span> <span class='ocrx_word' id='word_1_3' title='bbox 505 161 571 215; x_wconf 79' lang='lat' dir='ltr'><strong>Viri</strong></span> <span class='ocrx_word' id='word_1_4' title='bbox 589 166 694 215; x_wconf 77' lang='lat' dir='ltr'><strong>na-aa</strong></span> <span class='ocrx_word' id='word_1_5' title='bbox 715 165 840 231; x_wconf 77' lang='lat' dir='ltr'><strong>(aa-ae)</strong></span> <span class='ocrx_word' id='word_1_6' title='bbox 1034 162 1075 227; x_wconf 72' lang='lat' dir='ltr'><strong>tl</strong></span> <span class='ocrx_word' id='word_1_7' title='bbox 1107 175 1109 184; x_wconf 63' lang='lat'><strong><em>⁴</em></strong></span> 
     </span>
    </p>
   </div>
   <div class='ocr_carea' id='block_1_2' title="bbox 13 311 1155 2962">
    <p class='ocr_par' dir='ltr' id='par_1_2' title="bbox 44 311 1155 657">
     <span class='ocr_line' id='line_1_2' title="bbox 44 311 1076 392; baseline 0.001 -19"><span class='ocrx_word' id='word_1_8' title='bbox 44 313 192 392; x_wconf 76' lang='lat' dir='ltr'><strong>porihtrS,</strong></span> <span class='ocrx_word' id='word_1_9' title='bbox 221 347 263 354; x_wconf 77' lang='lat'>-</span> <span class='ocrx_word' id='word_1_10' title='bbox 294 314 397 389; x_wconf 87' lang='lat' dir='ltr'><strong>itaque</strong></span> <span class='ocrx_word' id='word_1_11' title='bbox 428 311 574 372; x_wconf 86' lang='lat' dir='ltr'><strong>excitatur</strong></span> <span class='ocrx_word' id='word_1_12' title='bbox 603 311 673 371; x_wconf 85' lang='lat' dir='ltr'><strong>sede</strong></span> <span class='ocrx_word' id='word_1_13' title='bbox 703 314 821 390; x_wconf 92' lang='lat' dir='ltr'><strong>saepius</strong></span> <span class='ocrx_word' id='word_1_14' title='bbox 851 315 959 374; x_wconf 80' lang='lat' dir='ltr'><strong>auditu</strong></span> <span class='ocrx_word' id='word_1_15' title='bbox 988 333 1076 392; x_wconf 90' lang='lat' dir='ltr'><strong>quam</strong></span> 
     </span>
     <span class='ocr_line' id='line_1_3' title="bbox 45 395 1130 483; baseline 0.008 -25"><span class='ocrx_word' id='word_1_16' title='bbox 45 405 124 483; x_wconf 85' lang='lat' dir='ltr'><strong>risu,</strong></span> <span class='ocrx_word' id='word_1_17' title='bbox 141 435 191 442; x_wconf 92' lang='lat'><em>—</em></span> <span class='ocrx_word' id='word_1_18' title='bbox 208 395 267 462; x_wconf 76' lang='lat'><strong>24.</strong></span> <span class='ocrx_word' id='word_1_19' title='bbox 292 400 399 460; x_wconf 90' lang='lat' dir='ltr'><strong>deinde</strong></span> <span class='ocrx_word' id='word_1_20' title='bbox 420 401 637 459; x_wconf 88' lang='lat' dir='ltr'><strong>internecivum</strong></span> <span class='ocrx_word' id='word_1_21' title='bbox 651 399 763 459; x_wconf 76' lang='lat' dir='ltr'><strong>bellarm</strong></span> <span class='ocrx_word' id='word_1_22' title='bbox 781 419 850 460; x_wconf 90' lang='lat' dir='ltr'><strong>cum</strong></span> <span class='ocrx_word' id='word_1_23' title='bbox 868 401 1075 463; x_wconf 80' lang='lat' dir='ltr'><strong>ichneumone.</strong></span> <span class='ocrx_word' id='word_1_24' title='bbox 1095 420 1130 467; x_wconf 77' lang='lat'><strong>88</strong></span> 
     </span>
     <span class='ocr_line' id='line_1_4' title="bbox 45 485 1155 572; baseline 0.002 -22"><span class='ocrx_word' id='word_1_25' title='bbox 45 485 121 572; x_wconf 83' lang='lat'>(36)</span> <span class='ocrx_word' id='word_1_26' title='bbox 158 498 268 550; x_wconf 90' lang='lat' dir='ltr'><strong>notum</strong></span> <span class='ocrx_word' id='word_1_27' title='bbox 293 497 339 549; x_wconf 89' lang='lat' dir='ltr'><strong>est</strong></span> <span class='ocrx_word' id='word_1_28' title='bbox 362 488 469 548; x_wconf 91' lang='lat' dir='ltr'><strong>animal</strong></span> <span class='ocrx_word' id='word_1_29' title='bbox 491 488 546 548; x_wconf 89' lang='lat' dir='ltr'><strong>hac</strong></span> <span class='ocrx_word' id='word_1_30' title='bbox 569 487 662 566; x_wconf 83' lang='lat' dir='ltr'><strong>gloria</strong></span> <span class='ocrx_word' id='word_1_31' title='bbox 685 491 811 548; x_wconf 89' lang='lat' dir='ltr'><strong>maxime</strong></span> <span class='ocrx_word' id='word_1_32' title='bbox 839 491 870 548; x_wconf 91' lang='lat' dir='ltr'><strong>in</strong></span> <span class='ocrx_word' id='word_1_33' title='bbox 895 491 997 550; x_wconf 90' lang='lat' dir='ltr'><strong>eadem</strong></span> <span class='ocrx_word' id='word_1_34' title='bbox 1025 511 1075 552; x_wconf 91' lang='lat' dir='ltr'><strong>na·</strong></span> <span class='ocrx_word' id='word_1_35' title='bbox 1154 509 1155 515; x_wconf 53' lang='lat'>¹</span> 
     </span>
     <span class='ocr_line' id='line_1_5' title="bbox 45 576 1076 657; baseline 0.002 -19"><span class='ocrx_word' id='word_1_36' title='bbox 45 589 109 638; x_wconf 91' lang='lat' dir='ltr'><strong>tum</strong></span> <span class='ocrx_word' id='word_1_37' title='bbox 130 580 280 657; x_wconf 80' lang='lat' dir='ltr'><strong>Aegypto.</strong></span> <span class='ocrx_word' id='word_1_38' title='bbox 311 579 420 656; x_wconf 82' lang='lat' dir='ltr'>mergit</span> <span class='ocrx_word' id='word_1_39' title='bbox 443 595 475 636; x_wconf 88' lang='lat' dir='ltr'><strong>se</strong></span> <span class='ocrx_word' id='word_1_40' title='bbox 498 576 567 636; x_wconf 89' lang='lat' dir='ltr'><strong>limo</strong></span> <span class='ocrx_word' id='word_1_41' title='bbox 592 579 709 655; x_wconf 83' lang='lat' dir='ltr'><strong>saepius</strong></span> <span class='ocrx_word' id='word_1_42' title='bbox 733 579 883 655; x_wconf 79' lang='lat' dir='ltr'><strong>siccatque</strong></span> <span class='ocrx_word' id='word_1_43' title='bbox 907 579 977 638; x_wconf 86' lang='lat' dir='ltr'><strong>sole.</strong></span> <span class='ocrx_word' id='word_1_44' title='bbox 1007 599 1076 640; x_wconf 83' lang='lat' dir='ltr'><strong>mox</strong></span> 
     </span>
    </p>

    <p class='ocr_par' dir='ltr' id='par_1_3' title="bbox 20 665 1075 994">
     <span class='ocr_line' id='line_1_6' title="bbox 20 665 1074 748; baseline 0.004 -24"><span class='ocrx_word' id='word_1_45' title='bbox 20 667 98 727; x_wconf 71' lang='lat' dir='ltr'><strong>aubi</strong></span> <span class='ocrx_word' id='word_1_46' title='bbox 125 667 272 746; x_wconf 90' lang='lat' dir='ltr'><strong>pluribus</strong></span> <span class='ocrx_word' id='word_1_47' title='bbox 300 666 405 726; x_wconf 91' lang='lat' dir='ltr'><strong>eodem</strong></span> <span class='ocrx_word' id='word_1_48' title='bbox 433 665 520 726; x_wconf 92' lang='lat' dir='ltr'><strong>modo</strong></span> <span class='ocrx_word' id='word_1_49' title='bbox 549 683 581 724; x_wconf 92' lang='lat' dir='ltr'><strong>se</strong></span> <span class='ocrx_word' id='word_1_50' title='bbox 610 667 698 725; x_wconf 90' lang='lat' dir='ltr'><strong>coriis</strong></span> <span class='ocrx_word' id='word_1_51' title='bbox 726 665 885 748; x_wconf 88' lang='lat' dir='ltr'><strong>loricavit,·</strong></span> <span class='ocrx_word' id='word_1_52' title='bbox 902 670 932 727; x_wconf 91' lang='lat' dir='ltr'><strong>in</strong></span> <span class='ocrx_word' id='word_1_53' title='bbox 957 668 1074 728; x_wconf 90' lang='lat' dir='ltr'><strong>dimica-</strong></span> 
     </span>
     <span class='ocr_line' id='line_1_7' title="bbox 45 753 1075 834; baseline 0.001 -19"><span class='ocrx_word' id='word_1_54' title='bbox 45 759 162 816; x_wconf 77' lang='lat' dir='ltr'><strong>tionem</strong></span> <span class='ocrx_word' id='word_1_55' title='bbox 184 757 294 834; x_wconf 85' lang='lat' dir='ltr'><strong>pergit.</strong></span> <span class='ocrx_word' id='word_1_56' title='bbox 322 757 354 814; x_wconf 90' lang='lat' dir='ltr'><strong>in</strong></span> <span class='ocrx_word' id='word_1_57' title='bbox 373 773 407 813; x_wconf 90' lang='lat' dir='ltr'><strong>ea</strong></span> <span class='ocrx_word' id='word_1_58' title='bbox 427 754 550 814; x_wconf 87' lang='lat' dir='ltr'><strong>caudam</strong></span> <span class='ocrx_word' id='word_1_59' title='bbox 573 753 709 814; x_wconf 90' lang='lat' dir='ltr'><strong>attollens</strong></span> <span class='ocrx_word' id='word_1_60' title='bbox 729 756 806 815; x_wconf 90' lang='lat' dir='ltr'><strong>ictus</strong></span> <span class='ocrx_word' id='word_1_61' title='bbox 825 757 931 816; x_wconf 91' lang='lat' dir='ltr'><strong>inritos</strong></span> <span class='ocrx_word' id='word_1_62' title='bbox 953 775 1075 817; x_wconf 88' lang='lat' dir='ltr'><strong>aversus</strong></span> 
     </span>
     <span class='ocr_line' id='line_1_8' title="bbox 48 841 1074 924; baseline 0.002 -20"><span class='ocrx_word' id='word_1_63' title='bbox 48 847 170 924; x_wconf 82' lang='lat' dir='ltr'><strong>excipit,</strong></span> <span class='ocrx_word' id='word_1_64' title='bbox 196 845 293 904; x_wconf 88' lang='lat' dir='ltr'><strong>donec</strong></span> <span class='ocrx_word' id='word_1_65' title='bbox 317 842 437 921; x_wconf 86' lang='lat' dir='ltr'><strong>obliquo</strong></span> <span class='ocrx_word' id='word_1_66' title='bbox 462 845 558 920; x_wconf 88' lang='lat' dir='ltr'><strong>capite</strong></span> <span class='ocrx_word' id='word_1_67' title='bbox 582 841 751 920; x_wconf 75' lang='lat' dir='ltr'>speculatus</span> <span class='ocrx_word' id='word_1_68' title='bbox 775 844 892 904; x_wconf 91' lang='lat' dir='ltr'><strong>invadat</strong></span> <span class='ocrx_word' id='word_1_69' title='bbox 914 848 945 904; x_wconf 90' lang='lat' dir='ltr'><strong>in</strong></span> <span class='ocrx_word' id='word_1_70' title='bbox 965 847 1074 906; x_wconf 77' lang='lat' dir='ltr'><strong>fauces,</strong></span> 
     </span>
     <span class='ocr_line' id='line_1_9' title="bbox 46 930 994 994; baseline 0.001 -2"><span class='ocrx_word' id='word_1_71' title='bbox 46 951 100 992; x_wconf 90' lang='lat' dir='ltr'><strong>neo</strong></span> <span class='ocrx_word' id='word_1_72' title='bbox 124 933 190 992; x_wconf 90' lang='lat' dir='ltr'><strong>hoc</strong></span> <span class='ocrx_word' id='word_1_73' title='bbox 216 939 376 992; x_wconf 90' lang='lat' dir='ltr'><strong>contentus</strong></span> <span class='ocrx_word' id='word_1_74' title='bbox 399 931 478 991; x_wconf 90' lang='lat' dir='ltr'><strong>aliud</strong></span> <span class='ocrx_word' id='word_1_75' title='bbox 501 931 580 990; x_wconf 89' lang='lat' dir='ltr'><strong>haud</strong></span> <span class='ocrx_word' id='word_1_76' title='bbox 603 933 705 990; x_wconf 88' lang='lat' dir='ltr'><strong>mitius</strong></span> <span class='ocrx_word' id='word_1_77' title='bbox 728 930 856 992; x_wconf 86' lang='lat' dir='ltr'><strong>debehat</strong></span> <span class='ocrx_word' id='word_1_78' title='bbox 879 934 994 994; x_wconf 87' lang='lat' dir='ltr'><strong>animal.</strong></span> 
     </span>
    </p>

    <p class='ocr_par' dir='ltr' id='par_1_4' title="bbox 113 1015 1127 1104">
     <span class='ocr_line' id='line_1_10' title="bbox 113 1015 1127 1104; baseline 0.004 -22"><span class='ocrx_word' id='word_1_79' title='bbox 113 1017 178 1082; x_wconf 76' lang='lat'><strong>25.</strong></span> <span class='ocrx_word' id='word_1_80' title='bbox 212 1015 286 1104; x_wconf 81' lang='grc'>(37)</span> <span class='ocrx_word' id='word_1_81' title='bbox 334 1019 523 1080; x_wconf 84' lang='lat' dir='ltr'><strong>Crocodilum</strong></span> <span class='ocrx_word' id='word_1_82' title='bbox 546 1019 635 1079; x_wconf 87' lang='lat' dir='ltr'><strong>habet</strong></span> <span class='ocrx_word' id='word_1_83' title='bbox 658 1019 755 1100; x_wconf 88' lang='lat' dir='ltr'><strong>Nilus,</strong></span> <span class='ocrx_word' id='word_1_84' title='bbox 782 1021 941 1100; x_wconf 82' lang='lat' dir='ltr'><strong>quadripes</strong></span> <span class='ocrx_word' id='word_1_85' title='bbox 964 1022 1075 1082; x_wconf 89' lang='lat' dir='ltr'><strong>malurn</strong></span> <span class='ocrx_word' id='word_1_86' title='bbox 1093 1039 1127 1087; x_wconf 77' lang='lat' dir='ltr'><strong>aa</strong></span> 
     </span>
    </p>

    <p class='ocr_par' dir='ltr' id='par_1_5' title="bbox 13 1109 1075 1543">
     <span class='ocr_line' id='line_1_11' title="bbox 13 1109 1075 1187; baseline 0.006 -23"><span class='ocrx_word' id='word_1_87' title='bbox 13 1127 36 1166; x_wconf 80' lang='lat' dir='ltr'><strong>ro</strong></span> <span class='ocrx_word' id='word_1_88' title='bbox 49 1119 76 1168; x_wconf 88' lang='lat' dir='ltr'><strong>et</strong></span> <span class='ocrx_word' id='word_1_89' title='bbox 103 1119 193 1170; x_wconf 90' lang='lat' dir='ltr'><strong>terra</strong></span> <span class='ocrx_word' id='word_1_90' title='bbox 221 1113 335 1187; x_wconf 91' lang='lat' dir='ltr'><strong>pariter</strong></span> <span class='ocrx_word' id='word_1_91' title='bbox 362 1127 396 1168; x_wconf 91' lang='lat' dir='ltr'><strong>ac</strong></span> <span class='ocrx_word' id='word_1_92' title='bbox 424 1109 545 1168; x_wconf 87' lang='lat' dir='ltr'><strong>flumine</strong></span> <span class='ocrx_word' id='word_1_93' title='bbox 573 1109 723 1168; x_wconf 84' lang='lat' dir='ltr'><strong>infestum.</strong></span> <span class='ocrx_word' id='word_1_94' title='bbox 772 1127 871 1175; x_wconf 74' lang='lat' dir='ltr'><strong>unrrm,</strong></span> <span class='ocrx_word' id='word_1_95' title='bbox 888 1109 945 1169; x_wconf 90' lang='lat' dir='ltr'><strong>hoc</strong></span> <span class='ocrx_word' id='word_1_96' title='bbox 969 1112 1075 1170; x_wconf 88' lang='lat' dir='ltr'><strong>animal</strong></span> 
     </span>
     <span class='ocr_line' id='line_1_12' title="bbox 47 1197 1075 1277; baseline 0.001 -19"><span class='ocrx_word' id='word_1_97' title='bbox 47 1206 199 1258; x_wconf 89' lang='lat' dir='ltr'><strong>terrestre</strong></span> <span class='ocrx_word' id='word_1_98' title='bbox 219 1199 337 1277; x_wconf 84' lang='lat' dir='ltr'><strong>linguae</strong></span> <span class='ocrx_word' id='word_1_99' title='bbox 357 1217 415 1258; x_wconf 92' lang='lat' dir='ltr'><strong>usu</strong></span> <span class='ocrx_word' id='word_1_100' title='bbox 433 1204 528 1277; x_wconf 91' lang='lat' dir='ltr'><strong>caret,</strong></span> <span class='ocrx_word' id='word_1_101' title='bbox 551 1215 645 1257; x_wconf 91' lang='lat' dir='ltr'><strong>unum</strong></span> <span class='ocrx_word' id='word_1_102' title='bbox 664 1197 940 1276; x_wconf 90' lang='lat' dir='ltr'><strong>superiore-mobili</strong></span> <span class='ocrx_word' id='word_1_103' title='bbox 959 1199 1075 1259; x_wconf 83' lang='lat' dir='ltr'><strong>maxilla</strong></span> 
     </span>
     <span class='ocr_line' id='line_1_13' title="bbox 49 1285 1074 1366; baseline 0.003 -21"><span class='ocrx_word' id='word_1_104' title='bbox 49 1289 188 1366; x_wconf 83' lang='lat' dir='ltr'><strong>inprimit</strong></span> <span class='ocrx_word' id='word_1_105' title='bbox 219 1304 354 1346; x_wconf 89' lang='lat' dir='ltr'><strong>morsum</strong></span> <span class='ocrx_word' id='word_1_106' title='bbox 383 1285 454 1346; x_wconf 86' lang='lat' dir='ltr'><strong>abas</strong></span> <span class='ocrx_word' id='word_1_107' title='bbox 485 1285 649 1346; x_wconf 83' lang='lat' dir='ltr'><strong>terribilem</strong></span> <span class='ocrx_word' id='word_1_108' title='bbox 679 1288 852 1364; x_wconf 83' lang='lat' dir='ltr'><strong>pectinatim</strong></span> <span class='ocrx_word' id='word_1_109' title='bbox 883 1289 1010 1366; x_wconf 88' lang='lat' dir='ltr'><strong>stipante</strong></span> <span class='ocrx_word' id='word_1_110' title='bbox 1042 1307 1074 1348; x_wconf 91' lang='lat' dir='ltr'><strong>se</strong></span> 
     </span>
     <span class='ocr_line' id='line_1_14' title="bbox 50 1373 1075 1454; baseline 0.004 -21"><span class='ocrx_word' id='word_1_111' title='bbox 50 1375 189 1436; x_wconf 87' lang='lat' dir='ltr'><strong>dentium</strong></span> <span class='ocrx_word' id='word_1_112' title='bbox 209 1378 296 1436; x_wconf 90' lang='lat' dir='ltr'><strong>serie.</strong></span> <span class='ocrx_word' id='word_1_113' title='bbox 322 1374 524 1454; x_wconf 85' lang='lat' dir='ltr'><strong>magnitudine</strong></span> <span class='ocrx_word' id='word_1_114' title='bbox 543 1374 660 1434; x_wconf 84' lang='lat' dir='ltr'><strong>excedit</strong></span> <span class='ocrx_word' id='word_1_115' title='bbox 677 1375 854 1453; x_wconf 91' lang='lat' dir='ltr'><strong>plerumque</strong></span> <span class='ocrx_word' id='word_1_116' title='bbox 873 1373 1075 1454; x_wconf 82' lang='lat' dir='ltr'><strong>duodeviginti</strong></span> 
     </span>
     <span class='ocr_line' id='line_1_15' title="bbox 52 1463 1074 1543; baseline 0.002 -21"><span class='ocrx_word' id='word_1_117' title='bbox 52 1463 158 1525; x_wconf 89' lang='lat' dir='ltr'><strong>cubita.</strong></span> <span class='ocrx_word' id='word_1_118' title='bbox 195 1466 351 1543; x_wconf 83' lang='lat' dir='ltr'><strong>paritura</strong></span> <span class='ocrx_word' id='word_1_119' title='bbox 374 1471 483 1542; x_wconf 89' lang='lat' dir='ltr'><strong>quanta</strong></span> <span class='ocrx_word' id='word_1_120' title='bbox 507 1481 636 1543; x_wconf 89' lang='lat' dir='ltr'><strong>anseres,</strong></span> <span class='ocrx_word' id='word_1_121' title='bbox 661 1481 753 1542; x_wconf 90' lang='lat' dir='ltr'><strong>eaque</strong></span> <span class='ocrx_word' id='word_1_122' title='bbox 778 1471 861 1524; x_wconf 80' lang='lat' dir='ltr'><strong>extra</strong></span> <span class='ocrx_word' id='word_1_123' title='bbox 885 1483 952 1524; x_wconf 90' lang='lat' dir='ltr'><strong>eum</strong></span> <span class='ocrx_word' id='word_1_124' title='bbox 975 1464 1074 1528; x_wconf 89' lang='lat' dir='ltr'><strong>locum</strong></span> 
     </span>
    </p>

    <p class='ocr_par' dir='ltr' id='par_1_6' title="bbox 17 1551 1073 1988">
     <span class='ocr_line' id='line_1_16' title="bbox 17 1551 1073 1632; baseline 0.007 -26"><span class='ocrx_word' id='word_1_125' title='bbox 17 1567 38 1606; x_wconf 88' lang='lat'><strong>15</strong></span> <span class='ocrx_word' id='word_1_126' title='bbox 51 1571 171 1632; x_wconf 89' lang='lat' dir='ltr'><strong>semper</strong></span> <span class='ocrx_word' id='word_1_127' title='bbox 201 1553 323 1612; x_wconf 89' lang='lat' dir='ltr'><strong>incubat</strong></span> <span class='ocrx_word' id='word_1_128' title='bbox 350 1553 601 1631; x_wconf 87' lang='lat' dir='ltr'><strong>praedivinatione</strong></span> <span class='ocrx_word' id='word_1_129' title='bbox 630 1551 755 1630; x_wconf 88' lang='lat' dir='ltr'><strong>quadam</strong></span> <span class='ocrx_word' id='word_1_130' title='bbox 783 1553 932 1631; x_wconf 82' lang='lat' dir='ltr'><strong>adquam</strong></span> <span class='ocrx_word' id='word_1_131' title='bbox 958 1572 1073 1613; x_wconf 90' lang='lat' dir='ltr'><strong>summo</strong></span> 
     </span>
     <span class='ocr_line' id='line_1_17' title="bbox 54 1639 1073 1720; baseline 0.004 -22"><span class='ocrx_word' id='word_1_132' title='bbox 54 1651 139 1702; x_wconf 84' lang='lat' dir='ltr'><strong>auctu</strong></span> <span class='ocrx_word' id='word_1_133' title='bbox 165 1661 204 1702; x_wconf 87' lang='lat' dir='ltr'><strong>eo</strong></span> <span class='ocrx_word' id='word_1_134' title='bbox 228 1659 307 1701; x_wconf 90' lang='lat' dir='ltr'><strong>anno</strong></span> <span class='ocrx_word' id='word_1_135' title='bbox 330 1659 507 1720; x_wconf 86' lang='lat' dir='ltr'><strong>egressurus</strong></span> <span class='ocrx_word' id='word_1_136' title='bbox 531 1649 577 1701; x_wconf 93' lang='lat' dir='ltr'><strong>est</strong></span> <span class='ocrx_word' id='word_1_137' title='bbox 599 1639 692 1701; x_wconf 90' lang='lat' dir='ltr'><strong>Nilus.</strong></span> <span class='ocrx_word' id='word_1_138' title='bbox 724 1659 780 1701; x_wconf 89' lang='lat' dir='ltr'><strong>neo</strong></span> <span class='ocrx_word' id='word_1_139' title='bbox 804 1641 882 1702; x_wconf 89' lang='lat' dir='ltr'><strong>aliud</strong></span> <span class='ocrx_word' id='word_1_140' title='bbox 906 1643 1014 1702; x_wconf 87' lang='lat' dir='ltr'><strong>animal</strong></span> <span class='ocrx_word' id='word_1_141' title='bbox 1037 1662 1073 1702; x_wconf 89' lang='lat' dir='ltr'><strong>ex</strong></span> 
     </span>
     <span class='ocr_line' id='line_1_18' title="bbox 53 1731 1073 1808; baseline 0.003 -21"><span class='ocrx_word' id='word_1_142' title='bbox 53 1732 167 1790; x_wconf 89' lang='lat' dir='ltr'><strong>minore</strong></span> <span class='ocrx_word' id='word_1_143' title='bbox 193 1732 310 1808; x_wconf 84' lang='lat' dir='ltr'><strong>origine</strong></span> <span class='ocrx_word' id='word_1_144' title='bbox 334 1732 365 1790; x_wconf 92' lang='lat' dir='ltr'><strong>in</strong></span> <span class='ocrx_word' id='word_1_145' title='bbox 387 1732 662 1790; x_wconf 79' lang='lat' dir='ltr'><strong>maiorem-crescit</strong></span> <span class='ocrx_word' id='word_1_146' title='bbox 684 1731 926 1808; x_wconf 85' lang='lat' dir='ltr'><strong>magnitudinem.</strong></span> <span class='ocrx_word' id='word_1_147' title='bbox 966 1739 996 1792; x_wconf 94' lang='lat' dir='ltr'><strong>et</strong></span> <span class='ocrx_word' id='word_1_148' title='bbox 1018 1751 1073 1791; x_wconf 89' lang='lat' dir='ltr'><strong>un·</strong></span> 
     </span>
     <span class='ocr_line' id='line_1_19' title="bbox 56 1818 1072 1894; baseline 0.003 -18"><span class='ocrx_word' id='word_1_149' title='bbox 56 1818 159 1894; x_wconf 85' lang='lat' dir='ltr'><strong>guibus</strong></span> <span class='ocrx_word' id='word_1_150' title='bbox 184 1827 287 1879; x_wconf 89' lang='lat' dir='ltr'><strong>autem</strong></span> <span class='ocrx_word' id='word_1_151' title='bbox 310 1825 441 1879; x_wconf 89' lang='lat' dir='ltr'><strong>armatus</strong></span> <span class='ocrx_word' id='word_1_152' title='bbox 465 1826 510 1878; x_wconf 92' lang='lat' dir='ltr'><strong>est</strong></span> <span class='ocrx_word' id='word_1_153' title='bbox 534 1825 563 1878; x_wconf 87' lang='lat' dir='ltr'><strong>et</strong></span> <span class='ocrx_word' id='word_1_154' title='bbox 586 1826 690 1878; x_wconf 88' lang='lat' dir='ltr'><strong>contra</strong></span> <span class='ocrx_word' id='word_1_155' title='bbox 710 1837 813 1879; x_wconf 88' lang='lat' dir='ltr'><strong>omncs</strong></span> <span class='ocrx_word' id='word_1_156' title='bbox 835 1821 913 1880; x_wconf 89' lang='lat' dir='ltr'><strong>ictus</strong></span> <span class='ocrx_word' id='word_1_157' title='bbox 937 1828 1006 1880; x_wconf 90' lang='lat' dir='ltr'><strong>cute</strong></span> <span class='ocrx_word' id='word_1_158' title='bbox 1029 1823 1072 1879; x_wconf 93' lang='lat' dir='ltr'><strong>in·</strong></span> 
     </span>
     <span class='ocr_line' id='line_1_20' title="bbox 56 1908 1072 1988; baseline 0.003 -24"><span class='ocrx_word' id='word_1_159' title='bbox 56 1908 134 1968; x_wconf 87' lang='lat' dir='ltr'><strong>ricta.</strong></span> <span class='ocrx_word' id='word_1_160' title='bbox 168 1908 289 1968; x_wconf 85' lang='lat' dir='ltr'><strong>diesin</strong></span> <span class='ocrx_word' id='word_1_161' title='bbox 309 1914 389 1966; x_wconf 89' lang='lat' dir='ltr'><strong>terra</strong></span> <span class='ocrx_word' id='word_1_162' title='bbox 408 1910 476 1987; x_wconf 82' lang='lat' dir='ltr'><strong>agit,</strong></span> <span class='ocrx_word' id='word_1_163' title='bbox 499 1914 604 1967; x_wconf 87' lang='lat' dir='ltr'><strong>noctes</strong></span> <span class='ocrx_word' id='word_1_164' title='bbox 622 1909 653 1966; x_wconf 93' lang='lat' dir='ltr'><strong>in</strong></span> <span class='ocrx_word' id='word_1_165' title='bbox 672 1925 757 1988; x_wconf 90' lang='lat' dir='ltr'><strong>aqua,</strong></span> <span class='ocrx_word' id='word_1_166' title='bbox 779 1909 892 1987; x_wconf 88' lang='lat' dir='ltr'><strong>teporis</strong></span> <span class='ocrx_word' id='word_1_167' title='bbox 911 1917 1072 1986; x_wconf 90' lang='lat' dir='ltr'><strong>utrumque</strong></span> 
     </span>
    </p>

    <p class='ocr_par' dir='ltr' id='par_1_7' title="bbox 23 1993 1127 2429">
     <span class='ocr_line' id='line_1_21' title="bbox 23 1993 1127 2075; baseline 0.013 -30"><span class='ocrx_word' id='word_1_168' title='bbox 23 2008 46 2047; x_wconf 76' lang='lat' dir='ltr'><strong>oo</strong></span> <span class='ocrx_word' id='word_1_169' title='bbox 57 1996 175 2056; x_wconf 79' lang='lat' dir='ltr'><strong>ratione</strong></span> <span class='ocrx_word' id='word_1_170' title='bbox 222 1995 303 2055; x_wconf 89' lang='lat' dir='ltr'><strong>huno</strong></span> <span class='ocrx_word' id='word_1_171' title='bbox 327 2004 462 2056; x_wconf 90' lang='lat' dir='ltr'><strong>saturum</strong></span> <span class='ocrx_word' id='word_1_172' title='bbox 486 1993 552 2055; x_wconf 88' lang='lat' dir='ltr'><strong>cibo</strong></span> <span class='ocrx_word' id='word_1_173' title='bbox 574 1996 702 2074; x_wconf 90' lang='lat' dir='ltr'><strong>piscium</strong></span> <span class='ocrx_word' id='word_1_174' title='bbox 725 2003 754 2055; x_wconf 92' lang='lat' dir='ltr'><strong>et</strong></span> <span class='ocrx_word' id='word_1_175' title='bbox 778 2015 896 2075; x_wconf 91' lang='lat' dir='ltr'><strong>semper</strong></span> <span class='ocrx_word' id='word_1_176' title='bbox 920 1996 1072 2057; x_wconf 89' lang='lat' dir='ltr'><strong>esculento</strong></span> <span class='ocrx_word' id='word_1_177' title='bbox 1092 2013 1127 2060; x_wconf 83' lang='lat' dir='ltr'><strong>eo</strong></span> 
     </span>
     <span class='ocr_line' id='line_1_22' title="bbox 58 2082 1073 2164; baseline 0.005 -24"><span class='ocrx_word' id='word_1_178' title='bbox 58 2101 104 2142; x_wconf 88' lang='lat' dir='ltr'><strong>ore</strong></span> <span class='ocrx_word' id='word_1_179' title='bbox 126 2087 158 2144; x_wconf 91' lang='lat' dir='ltr'><strong>iu</strong></span> <span class='ocrx_word' id='word_1_180' title='bbox 182 2085 272 2144; x_wconf 90' lang='lat' dir='ltr'><strong>litore</strong></span> <span class='ocrx_word' id='word_1_181' title='bbox 296 2103 400 2145; x_wconf 91' lang='lat' dir='ltr'><strong>somno</strong></span> <span class='ocrx_word' id='word_1_182' title='bbox 425 2084 526 2144; x_wconf 88' lang='lat' dir='ltr'><strong>datum</strong></span> <span class='ocrx_word' id='word_1_183' title='bbox 548 2101 637 2163; x_wconf 87' lang='lat' dir='ltr'><strong>parra</strong></span> <span class='ocrx_word' id='word_1_184' title='bbox 661 2087 735 2164; x_wconf 85' lang='lat' dir='ltr'><strong>avis,</strong></span> <span class='ocrx_word' id='word_1_185' title='bbox 768 2103 843 2162; x_wconf 90' lang='lat' dir='ltr'><strong>quae</strong></span> <span class='ocrx_word' id='word_1_186' title='bbox 867 2082 1009 2145; x_wconf 84' lang='lat' dir='ltr'><strong>trochilos</strong></span> <span class='ocrx_word' id='word_1_187' title='bbox 1031 2085 1073 2145; x_wconf 92' lang='lat' dir='ltr'><strong>ibi</strong></span> 
     </span>
     <span class='ocr_line' id='line_1_23' title="bbox 56 2171 1072 2254; baseline 0.005 -27"><span class='ocrx_word' id='word_1_188' title='bbox 56 2181 183 2254; x_wconf 79' lang='lat' dir='ltr'><strong>vocatur,</strong></span> <span class='ocrx_word' id='word_1_189' title='bbox 208 2191 262 2232; x_wconf 88' lang='lat' dir='ltr'><strong>rex</strong></span> <span class='ocrx_word' id='word_1_190' title='bbox 281 2175 379 2232; x_wconf 88' lang='lat' dir='ltr'><strong>avium</strong></span> <span class='ocrx_word' id='word_1_191' title='bbox 401 2175 433 2232; x_wconf 91' lang='lat' dir='ltr'><strong>iu</strong></span> <span class='ocrx_word' id='word_1_192' title='bbox 451 2171 542 2254; x_wconf 83' lang='lat' dir='ltr'><strong>ltalia,</strong></span> <span class='ocrx_word' id='word_1_193' title='bbox 565 2175 669 2233; x_wconf 87' lang='lat' dir='ltr'><strong>inritat</strong></span> <span class='ocrx_word' id='word_1_194' title='bbox 687 2173 724 2232; x_wconf 90' lang='lat' dir='ltr'><strong>ad</strong></span> <span class='ocrx_word' id='word_1_195' title='bbox 743 2172 884 2234; x_wconf 91' lang='lat' dir='ltr'><strong>hiandum</strong></span> <span class='ocrx_word' id='word_1_196' title='bbox 902 2172 1003 2252; x_wconf 85' lang='lat' dir='ltr'><strong>pabuli</strong></span> <span class='ocrx_word' id='word_1_197' title='bbox 1026 2176 1072 2232; x_wconf 91' lang='lat' dir='ltr'><strong>sui</strong></span> 
     </span>
     <span class='ocr_line' id='line_1_24' title="bbox 58 2261 1072 2343; baseline 0.002 -25"><span class='ocrx_word' id='word_1_198' title='bbox 58 2263 158 2343; x_wconf 80' lang='lat' dir='ltr'><strong>gratia,</strong></span> <span class='ocrx_word' id='word_1_199' title='bbox 189 2280 228 2321; x_wconf 89' lang='lat' dir='ltr'><strong>os·</strong></span> <span class='ocrx_word' id='word_1_200' title='bbox 252 2263 383 2339; x_wconf 90' lang='lat' dir='ltr'><strong>primum</strong></span> <span class='ocrx_word' id='word_1_201' title='bbox 411 2263 475 2322; x_wconf 90' lang='lat' dir='ltr'><strong>eius</strong></span> <span class='ocrx_word' id='word_1_202' title='bbox 503 2261 641 2321; x_wconf 91' lang='lat' dir='ltr'><strong>adsultim</strong></span> <span class='ocrx_word' id='word_1_203' title='bbox 669 2280 847 2343; x_wconf 85' lang='lat' dir='ltr'><strong>repurgans,</strong></span> <span class='ocrx_word' id='word_1_204' title='bbox 877 2281 944 2321; x_wconf 89' lang='lat' dir='ltr'><strong>mox</strong></span> <span class='ocrx_word' id='word_1_205' title='bbox 968 2261 1072 2321; x_wconf 88' lang='lat' dir='ltr'><strong>dentes</strong></span> 
     </span>
     <span class='ocr_line' id='line_1_25' title="bbox 58 2349 1073 2429; baseline 0.003 -23"><span class='ocrx_word' id='word_1_206' title='bbox 58 2355 84 2406; x_wconf 91' lang='lat' dir='ltr'><strong>et</strong></span> <span class='ocrx_word' id='word_1_207' title='bbox 101 2351 182 2410; x_wconf 92' lang='lat' dir='ltr'><strong>intus</strong></span> <span class='ocrx_word' id='word_1_208' title='bbox 202 2351 305 2410; x_wconf 84' lang='lat' dir='ltr'><strong>lauces</strong></span> <span class='ocrx_word' id='word_1_209' title='bbox 324 2369 443 2429; x_wconf 90' lang='lat' dir='ltr'><strong>quoque</strong></span> <span class='ocrx_word' id='word_1_210' title='bbox 467 2350 503 2410; x_wconf 90' lang='lat' dir='ltr'><strong>ad</strong></span> <span class='ocrx_word' id='word_1_211' title='bbox 522 2349 597 2409; x_wconf 91' lang='lat' dir='ltr'><strong>hanc</strong></span> <span class='ocrx_word' id='word_1_212' title='bbox 616 2350 757 2410; x_wconf 90' lang='lat' dir='ltr'><strong>scabendi</strong></span> <span class='ocrx_word' id='word_1_213' title='bbox 776 2351 962 2411; x_wconf 89' lang='lat' dir='ltr'><strong>dulcedinem</strong></span> <span class='ocrx_word' id='word_1_214' title='bbox 984 2368 1073 2428; x_wconf 90' lang='lat' dir='ltr'><strong>quam</strong></span> 
     </span>
    </p>

    <p class='ocr_par' dir='ltr' id='par_1_8' title="bbox 29 2438 1072 2677">
     <span class='ocr_line' id='line_1_26' title="bbox 29 2438 1072 2519; baseline 0.004 -25"><span class='ocrx_word' id='word_1_215' title='bbox 29 2448 48 2487; x_wconf 74' lang='lat'><strong>25</strong></span> <span class='ocrx_word' id='word_1_216' title='bbox 60 2440 179 2498; x_wconf 84' lang='lat' dir='ltr'><strong>maxime</strong></span> <span class='ocrx_word' id='word_1_217' title='bbox 203 2439 334 2519; x_wconf 88' lang='lat' dir='ltr'><strong>hiantes,</strong></span> <span class='ocrx_word' id='word_1_218' title='bbox 359 2441 390 2498; x_wconf 91' lang='lat' dir='ltr'><strong>in</strong></span> <span class='ocrx_word' id='word_1_219' title='bbox 414 2458 472 2518; x_wconf 94' lang='lat' dir='ltr'><strong>qua</strong></span> <span class='ocrx_word' id='word_1_220' title='bbox 495 2438 643 2517; x_wconf 91' lang='lat' dir='ltr'><strong>voluptate</strong></span> <span class='ocrx_word' id='word_1_221' title='bbox 668 2457 772 2499; x_wconf 86' lang='lat' dir='ltr'><strong>sonmo</strong></span> <span class='ocrx_word' id='word_1_222' title='bbox 794 2457 933 2518; x_wconf 91' lang='lat' dir='ltr'><strong>pressum</strong></span> <span class='ocrx_word' id='word_1_223' title='bbox 956 2441 1072 2517; x_wconf 91' lang='lat' dir='ltr'><strong>conspi-</strong></span> 
     </span>
     <span class='ocr_line' id='line_1_27' title="bbox 60 2526 1072 2606; baseline 0.005 -25"><span class='ocrx_word' id='word_1_224' title='bbox 60 2533 136 2586; x_wconf 89' lang='lat' dir='ltr'><strong>catus</strong></span> <span class='ocrx_word' id='word_1_225' title='bbox 159 2527 342 2588; x_wconf 90' lang='lat' dir='ltr'><strong>ichneumon</strong></span> <span class='ocrx_word' id='word_1_226' title='bbox 366 2546 420 2606; x_wconf 91' lang='lat' dir='ltr'><strong>per</strong></span> <span class='ocrx_word' id='word_1_227' title='bbox 444 2528 562 2587; x_wconf 88' lang='lat' dir='ltr'><strong>easdem</strong></span> <span class='ocrx_word' id='word_1_228' title='bbox 585 2529 686 2587; x_wconf 87' lang='lat' dir='ltr'><strong>lauces</strong></span> <span class='ocrx_word' id='word_1_229' title='bbox 714 2535 747 2587; x_wconf 91' lang='lat' dir='ltr'><strong>ut</strong></span> <span class='ocrx_word' id='word_1_230' title='bbox 760 2528 863 2587; x_wconf 92' lang='lat' dir='ltr'><strong>telum</strong></span> <span class='ocrx_word' id='word_1_231' title='bbox 887 2526 1005 2606; x_wconf 87' lang='lat' dir='ltr'><strong>aliquod</strong></span> <span class='ocrx_word' id='word_1_232' title='bbox 1028 2529 1072 2586; x_wconf 92' lang='lat' dir='ltr'><strong>in-</strong></span> 
     </span>
     <span class='ocr_line' id='line_1_28' title="bbox 61 2615 413 2677; baseline 0.011 -5"><span class='ocrx_word' id='word_1_233' title='bbox 61 2615 162 2676; x_wconf 90' lang='lat' dir='ltr'><strong>missus</strong></span> <span class='ocrx_word' id='word_1_234' title='bbox 187 2617 284 2677; x_wconf 92' lang='lat' dir='ltr'><strong>erodit</strong></span> <span class='ocrx_word' id='word_1_235' title='bbox 308 2616 413 2677; x_wconf 86' lang='lat' dir='ltr'><strong>alvum.</strong></span> 
     </span>
    </p>

    <p class='ocr_par' dir='ltr' id='par_1_9' title="bbox 122 2698 1125 2787">
     <span class='ocr_line' id='line_1_29' title="bbox 122 2698 1125 2787; baseline 0.003 -22"><span class='ocrx_word' id='word_1_236' title='bbox 122 2698 202 2787; x_wconf 87' lang='grc'>(38)</span> <span class='ocrx_word' id='word_1_237' title='bbox 238 2705 348 2765; x_wconf 87' lang='lat' dir='ltr'><strong>Similis</strong></span> <span class='ocrx_word' id='word_1_238' title='bbox 371 2705 534 2786; x_wconf 86' lang='lat' dir='ltr'><strong>crocodilo,</strong></span> <span class='ocrx_word' id='word_1_239' title='bbox 558 2704 610 2764; x_wconf 90' lang='lat' dir='ltr'><strong>sed</strong></span> <span class='ocrx_word' id='word_1_240' title='bbox 634 2705 731 2764; x_wconf 91' lang='lat' dir='ltr'><strong>minor</strong></span> <span class='ocrx_word' id='word_1_241' title='bbox 755 2707 843 2764; x_wconf 91' lang='lat' dir='ltr'><strong>etiam</strong></span> <span class='ocrx_word' id='word_1_242' title='bbox 865 2705 1072 2786; x_wconf 83' lang='lat' dir='ltr'><strong>ichneumone,</strong></span> <span class='ocrx_word' id='word_1_243' title='bbox 1091 2720 1125 2768; x_wconf 82' lang='lat'><strong>91</strong></span> 
     </span>
    </p>

    <p class='ocr_par' dir='ltr' id='par_1_10' title="bbox 31 2793 1071 2962">
     <span class='ocr_line' id='line_1_30' title="bbox 63 2793 1071 2874; baseline 0.006 -28"><span class='ocrx_word' id='word_1_244' title='bbox 63 2794 154 2852; x_wconf 90' lang='lat' dir='ltr'><strong>estin</strong></span> <span class='ocrx_word' id='word_1_245' title='bbox 176 2793 244 2852; x_wconf 90' lang='lat' dir='ltr'><strong>Nilo</strong></span> <span class='ocrx_word' id='word_1_246' title='bbox 268 2801 354 2854; x_wconf 92' lang='lat' dir='ltr'><strong>natus</strong></span> <span class='ocrx_word' id='word_1_247' title='bbox 379 2795 508 2874; x_wconf 86' lang='lat' dir='ltr'><strong>scincos,</strong></span> <span class='ocrx_word' id='word_1_248' title='bbox 534 2800 637 2853; x_wconf 88' lang='lat' dir='ltr'><strong>contra</strong></span> <span class='ocrx_word' id='word_1_249' title='bbox 660 2811 773 2852; x_wconf 89' lang='lat' dir='ltr'><strong>venena</strong></span> <span class='ocrx_word' id='word_1_250' title='bbox 795 2796 975 2873; x_wconf 88' lang='lat' dir='ltr'><strong>praecipuus</strong></span> <span class='ocrx_word' id='word_1_251' title='bbox 998 2796 1071 2854; x_wconf 87' lang='lat' dir='ltr'><strong>anti·</strong></span> 
     </span>
     <span class='ocr_line' id='line_1_31' title="bbox 31 2876 972 2962; baseline 0.01 -28"><span class='ocrx_word' id='word_1_252' title='bbox 31 2876 145 2962; x_wconf 76' lang='lat' dir='ltr'><strong>anatis,</strong></span> <span class='ocrx_word' id='word_1_253' title='bbox 168 2884 242 2942; x_wconf 90' lang='lat' dir='ltr'><strong>item</strong></span> <span class='ocrx_word' id='word_1_254' title='bbox 265 2882 300 2941; x_wconf 91' lang='lat' dir='ltr'><strong>ad</strong></span> <span class='ocrx_word' id='word_1_255' title='bbox 323 2881 561 2942; x_wconf 83' lang='lat' dir='ltr'><strong>inflammandam</strong></span> <span class='ocrx_word' id='word_1_256' title='bbox 584 2883 717 2941; x_wconf 90' lang='lat' dir='ltr'><strong>virorum</strong></span> <span class='ocrx_word' id='word_1_257' title='bbox 740 2900 887 2942; x_wconf 84' lang='lat' dir='ltr'><strong>venerem.</strong></span> <span class='ocrx_word' id='word_1_258' title='bbox 970 2949 972 2956; x_wconf 49' lang='grc'>,</span> 
     </span>
    </p>
   </div>
   <div class='ocr_carea' id='block_1_3' title="bbox 69 3139 1072 3704">
    <p class='ocr_par' dir='ltr' id='par_1_11' title="bbox 69 3139 1071 3282">
     <span class='ocr_line' id='line_1_32' title="bbox 129 3139 1070 3212; baseline 0.004 -20"><span class='ocrx_word' id='word_1_259' title='bbox 129 3146 143 3192; x_wconf 98' lang='grc'>1</span> <span class='ocrx_word' id='word_1_260' title='bbox 166 3141 232 3196; x_wconf 85' lang='lat' dir='ltr'><strong>sade</strong></span> <span class='ocrx_word' id='word_1_261' title='bbox 255 3155 309 3210; x_wconf 77' lang='lat' dir='ltr'><strong>epo.</strong></span> <span class='ocrx_word' id='word_1_262' title='bbox 339 3139 388 3194; x_wconf 90' lang='lat' dir='ltr'><strong>sed</strong></span> <span class='ocrx_word' id='word_1_263' title='bbox 411 3141 439 3194; x_wconf 86' lang='lat' dir='ltr'><strong>ll.</strong></span> <span class='ocrx_word' id='word_1_264' title='bbox 457 3139 526 3195; x_wconf 88' lang='lat' dir='ltr'><strong>Rob.</strong></span> <span class='ocrx_word' id='word_1_265' title='bbox 562 3142 566 3208; x_wconf 92' lang='grc' dir='ltr'>Ι</span> <span class='ocrx_word' id='word_1_266' title='bbox 600 3141 750 3212; x_wconf 65' lang='lat' dir='ltr'><strong>sapesslius</strong></span> <span class='ocrx_word' id='word_1_267' title='bbox 774 3141 812 3195; x_wconf 54' lang='grc' dir='ltr'><strong>αἱ.</strong></span> <span class='ocrx_word' id='word_1_268' title='bbox 843 3145 847 3211; x_wconf 89' lang='grc' dir='ltr'>Ι</span> <span class='ocrx_word' id='word_1_269' title='bbox 881 3143 979 3196; x_wconf 82' lang='lat' dir='ltr'><strong>auditu</strong></span> <span class='ocrx_word' id='word_1_270' title='bbox 1001 3141 1070 3196; x_wconf 84' lang='lat' dir='ltr'><strong>Rob.</strong></span> 
     </span>
     <span class='ocr_line' id='line_1_33' title="bbox 69 3206 1071 3282; baseline 0.01 -26"><span class='ocrx_word' id='word_1_271' title='bbox 69 3206 118 3260; x_wconf 85' lang='lat' dir='ltr'><strong>edd.</strong></span> <span class='ocrx_word' id='word_1_272' title='bbox 135 3217 192 3266; x_wconf 78' lang='lat' dir='ltr'><strong>cett.</strong></span> <span class='ocrx_word' id='word_1_273' title='bbox 217 3228 268 3267; x_wconf 75' lang='lat' dir='ltr'><strong>om.</strong></span> <span class='ocrx_word' id='word_1_274' title='bbox 287 3212 315 3265; x_wconf 88' lang='lat' dir='ltr'><strong>ll.</strong></span> <span class='ocrx_word' id='word_1_275' title='bbox 343 3212 394 3277; x_wconf 73' lang='lat' dir='ltr'><strong>cfr.</strong></span> <span class='ocrx_word' id='word_1_276' title='bbox 415 3210 502 3266; x_wconf 78' lang='lat' dir='ltr'><strong>Solio.</strong></span> <span class='ocrx_word' id='word_1_277' title='bbox 521 3217 569 3277; x_wconf 80' lang='lat'><strong>27,</strong></span> <span class='ocrx_word' id='word_1_278' title='bbox 579 3215 624 3266; x_wconf 87' lang='lat'><strong>35.</strong></span> <span class='ocrx_word' id='word_1_279' title='bbox 692 3211 810 3266; x_wconf 72' lang='lat' dir='ltr'><strong>deoriis</strong></span> <span class='ocrx_word' id='word_1_280' title='bbox 829 3213 906 3270; x_wconf 60' lang='lat' dir='ltr'><strong>Pol.</strong></span> <span class='ocrx_word' id='word_1_281' title='bbox 933 3213 1029 3282; x_wconf 83' lang='lat' dir='ltr'><strong>cephis</strong></span> <span class='ocrx_word' id='word_1_282' title='bbox 1048 3231 1071 3266; x_wconf 85' lang='lat' dir='ltr'><strong>r.</strong></span> 
     </span>
    </p>

    <p class='ocr_par' dir='ltr' id='par_1_12' title="bbox 69 3282 1072 3704">
     <span class='ocr_line' id='line_1_34' title="bbox 130 3282 1071 3354; baseline 0.003 -20"><span class='ocrx_word' id='word_1_283' title='bbox 130 3287 161 3335; x_wconf 77' lang='lat'><strong>14</strong></span> <span class='ocrx_word' id='word_1_284' title='bbox 176 3299 240 3350; x_wconf 85' lang='lat' dir='ltr'><strong>qua</strong></span> <span class='ocrx_word' id='word_1_285' title='bbox 257 3282 421 3354; x_wconf 64' lang='lat' dir='ltr'><strong>trausarefsl</strong></span> <span class='ocrx_word' id='word_1_286' title='bbox 435 3282 480 3336; x_wconf 74' lang='lat'><strong>121.</strong></span> <span class='ocrx_word' id='word_1_287' title='bbox 513 3299 584 3351; x_wconf 85' lang='lat' dir='ltr'><strong>quae</strong></span> <span class='ocrx_word' id='word_1_288' title='bbox 602 3285 679 3336; x_wconf 82' lang='lat' dir='ltr'><strong>trans</strong></span> <span class='ocrx_word' id='word_1_289' title='bbox 698 3300 797 3338; x_wconf 84' lang='lat' dir='ltr'><strong>arenas</strong></span> <span class='ocrx_word' id='word_1_290' title='bbox 814 3284 859 3338; x_wconf 44' lang='grc' dir='ltr'><strong>Β),</strong></span> <span class='ocrx_word' id='word_1_291' title='bbox 892 3301 963 3352; x_wconf 82' lang='lat' dir='ltr'><strong>quae</strong></span> <span class='ocrx_word' id='word_1_292' title='bbox 982 3286 1071 3338; x_wconf 82' lang='lat' dir='ltr'><strong>trans·</strong></span> 
     </span>
     <span class='ocr_line' id='line_1_35' title="bbox 70 3343 1072 3423; baseline 0.013 -28"><span class='ocrx_word' id='word_1_293' title='bbox 70 3343 147 3404; x_wconf 76' lang='lat' dir='ltr'><strong>tereus</strong></span> <span class='ocrx_word' id='word_1_294' title='bbox 164 3358 213 3407; x_wconf 74' lang='lat' dir='ltr'><strong>ss.</strong></span> <span class='ocrx_word' id='word_1_295' title='bbox 287 3357 321 3406; x_wconf 88' lang='grc'><strong>18</strong></span> <span class='ocrx_word' id='word_1_296' title='bbox 340 3355 370 3408; x_wconf 79' lang='lat' dir='ltr'><strong>et</strong></span> <span class='ocrx_word' id='word_1_297' title='bbox 386 3355 493 3408; x_wconf 67' lang='lat' dir='ltr'><strong>inserui</strong></span> <span class='ocrx_word' id='word_1_298' title='bbox 510 3369 564 3423; x_wconf 74' lang='lat' dir='ltr'><strong>eqo.</strong></span> <span class='ocrx_word' id='word_1_299' title='bbox 588 3369 638 3409; x_wconf 85' lang='lat' dir='ltr'><strong>om.</strong></span> <span class='ocrx_word' id='word_1_300' title='bbox 658 3355 715 3408; x_wconf 74' lang='lat' dir='ltr'><strong>llo.</strong></span> <span class='ocrx_word' id='word_1_301' title='bbox 730 3355 787 3420; x_wconf 75' lang='lat' dir='ltr'><strong>cfr.</strong></span> <span class='ocrx_word' id='word_1_302' title='bbox 802 3355 889 3409; x_wconf 74' lang='lat' dir='ltr'><strong>Arist.</strong></span> <span class='ocrx_word' id='word_1_303' title='bbox 908 3356 934 3408; x_wconf 82' lang='lat' dir='ltr'><strong>h.</strong></span> <span class='ocrx_word' id='word_1_304' title='bbox 952 3372 977 3408; x_wconf 82' lang='lat' dir='ltr'><strong>a.</strong></span> <span class='ocrx_word' id='word_1_305' title='bbox 992 3357 1072 3408; x_wconf 79' lang='lat'><em>1110</em></span> 
     </span>
     <span class='ocr_line' id='line_1_36' title="bbox 69 3423 1069 3490; baseline -0.004 -10"><span class='ocrx_word' id='word_1_306' title='bbox 69 3431 93 3480; x_wconf 76' lang='lat' dir='ltr'><strong>P·</strong></span> <span class='ocrx_word' id='word_1_307' title='bbox 102 3423 190 3490; x_wconf 83' lang='lat' dir='ltr'><strong>503A,</strong></span> <span class='ocrx_word' id='word_1_308' title='bbox 201 3429 250 3478; x_wconf 78' lang='lat'><strong>10.</strong></span> <span class='ocrx_word' id='word_1_309' title='bbox 274 3424 366 3478; x_wconf 67' lang='lat' dir='ltr'><strong>Solio.</strong></span> <span class='ocrx_word' id='word_1_310' title='bbox 386 3429 433 3490; x_wconf 83' lang='lat'><strong>32,</strong></span> <span class='ocrx_word' id='word_1_311' title='bbox 442 3429 489 3480; x_wconf 76' lang='lat'><strong>24.</strong></span> <span class='ocrx_word' id='word_1_312' title='bbox 579 3429 613 3476; x_wconf 73' lang='lat'><strong>22</strong></span> <span class='ocrx_word' id='word_1_313' title='bbox 633 3423 761 3478; x_wconf 78' lang='lat' dir='ltr'><strong>hiantum</strong></span> <span class='ocrx_word' id='word_1_314' title='bbox 778 3430 810 3478; x_wconf 79' lang='lat' dir='ltr'><strong>B.</strong></span> <span class='ocrx_word' id='word_1_315' title='bbox 837 3426 947 3478; x_wconf 82' lang='lat' dir='ltr'><strong>ibatum</strong></span> <span class='ocrx_word' id='word_1_316' title='bbox 966 3430 990 3478; x_wconf 82' lang='lat' dir='ltr'><strong>d.</strong></span> <span class='ocrx_word' id='word_1_317' title='bbox 1062 3455 1069 3461; x_wconf 89' lang='lat'>-</span> 
     </span>
     <span class='ocr_line' id='line_1_37' title="bbox 72 3490 1072 3549; baseline 0.003 -3"><span class='ocrx_word' id='word_1_318' title='bbox 72 3490 99 3539; x_wconf 77' lang='lat'><strong>23</strong></span> <span class='ocrx_word' id='word_1_319' title='bbox 114 3493 242 3549; x_wconf 82' lang='lat' dir='ltr'><strong>adsultim</strong></span> <span class='ocrx_word' id='word_1_320' title='bbox 255 3495 296 3548; x_wconf 70' lang='lat'><strong>1¹².</strong></span> <span class='ocrx_word' id='word_1_321' title='bbox 321 3495 357 3548; x_wconf 86' lang='lat' dir='ltr'><strong>ad</strong></span> <span class='ocrx_word' id='word_1_322' title='bbox 376 3495 479 3548; x_wconf 80' lang='lat' dir='ltr'><strong>saltum</strong></span> <span class='ocrx_word' id='word_1_323' title='bbox 497 3494 668 3548; x_wconf 61' lang='lat' dir='ltr'><strong>omeliaco.</strong></span> <span class='ocrx_word' id='word_1_324' title='bbox 692 3495 834 3549; x_wconf 83' lang='lat' dir='ltr'><strong>adsultum</strong></span> <span class='ocrx_word' id='word_1_325' title='bbox 849 3495 949 3548; x_wconf 72' lang='lat' dir='ltr'><strong>R¹a¹d</strong></span> <span class='ocrx_word' id='word_1_326' title='bbox 973 3495 1010 3549; x_wconf 84' lang='lat' dir='ltr'><strong>ad</strong></span> <span class='ocrx_word' id='word_1_327' title='bbox 1029 3513 1072 3549; x_wconf 87' lang='lat' dir='ltr'><strong>sa—</strong></span> 
     </span>
     <span class='ocr_line' id='line_1_38' title="bbox 73 3554 1070 3632; baseline 0.003 -15"><span class='ocrx_word' id='word_1_328' title='bbox 73 3554 147 3617; x_wconf 82' lang='lat' dir='ltr'><strong>lotum</strong></span> <span class='ocrx_word' id='word_1_329' title='bbox 167 3567 209 3620; x_wconf 66' lang='lat'><strong>1¹.</strong></span> <span class='ocrx_word' id='word_1_330' title='bbox 300 3571 335 3618; x_wconf 79' lang='lat'><strong>24</strong></span> <span class='ocrx_word' id='word_1_331' title='bbox 357 3565 534 3620; x_wconf 86' lang='lat' dir='ltr'><strong>dulcedinem</strong></span> <span class='ocrx_word' id='word_1_332' title='bbox 554 3570 578 3620; x_wconf 82' lang='lat' dir='ltr'><strong>d.</strong></span> <span class='ocrx_word' id='word_1_333' title='bbox 609 3582 699 3632; x_wconf 66' lang='lat' dir='ltr'><strong>mea.</strong></span> <span class='ocrx_word' id='word_1_334' title='bbox 790 3572 823 3620; x_wconf 76' lang='lat'><strong>27</strong></span> <span class='ocrx_word' id='word_1_335' title='bbox 848 3567 944 3620; x_wconf 84' lang='lat' dir='ltr'><strong>aluum</strong></span> <span class='ocrx_word' id='word_1_336' title='bbox 966 3566 1070 3620; x_wconf 58' lang='lat' dir='ltr'><strong>wat</strong></span> 
     </span>
     <span class='ocr_line' id='line_1_39' title="bbox 74 3635 681 3704; baseline 0.007 -16"><span class='ocrx_word' id='word_1_337' title='bbox 74 3645 147 3691; x_wconf 76' lang='lat' dir='ltr'><strong>·110r.</strong></span> <span class='ocrx_word' id='word_1_338' title='bbox 218 3641 254 3690; x_wconf 87' lang='lat'><strong>30</strong></span> <span class='ocrx_word' id='word_1_339' title='bbox 272 3635 347 3690; x_wconf 88' lang='lat' dir='ltr'><strong>idem</strong></span> <span class='ocrx_word' id='word_1_340' title='bbox 363 3642 441 3691; x_wconf 73' lang='lat' dir='ltr'><strong>Dra.</strong></span> <span class='ocrx_word' id='word_1_341' title='bbox 471 3638 475 3704; x_wconf 78' lang='lat' dir='ltr'><strong>l</strong></span> <span class='ocrx_word' id='word_1_342' title='bbox 505 3637 541 3691; x_wconf 86' lang='lat' dir='ltr'><strong>ad</strong></span> <span class='ocrx_word' id='word_1_343' title='bbox 560 3641 583 3691; x_wconf 81' lang='lat' dir='ltr'><strong>d.</strong></span> <span class='ocrx_word' id='word_1_344' title='bbox 612 3638 681 3692; x_wconf 81' lang='lat' dir='ltr'><strong>etr.</strong></span> 
     </span>
    </p>
   </div>
   <div class='ocr_carea' id='block_1_4' title="bbox 0 0 1298 3956">
    <p class='ocr_par' dir='ltr' id='par_1_13' title="bbox 0 0 1298 3956">
     <span class='ocr_line' id='line_1_40' title="bbox 0 0 1298 3956; baseline 0 4"><span class='ocrx_word' id='word_1_345' title='bbox 0 0 1298 3956; x_wconf 95' lang='lat' dir='ltr'><strong> </strong></span> 
     </span>
    </p>
   </div>
  </div>
 </body>
</html>
