2636 3952
187 120 253 200 230
535 131 564 188 a.
583 133 682 188 aaran
701 131 859 187 suanum

186 285 257 366 hus,
288 285 434 364 itemque,
465 277 535 344 oum
567 284 684 365 sitiunt,
715 281 909 362 inexplebiles
941 289 1039 361 potus.
1089 289 1204 344 constat

144 419 149 426 .
187 384 217 435 at
250 380 372 453 septena
410 371 519 434 caudae
556 370 724 432 internodia
761 374 893 432 saeviora
930 387 1005 431 asse.
1068 371 1203 450 pluribus
1311 367 1312 412 t

187 465 267 524 enim
295 477 366 524 sena
393 469 473 523 sunt.
522 461 579 521 hoe
606 459 716 521 malum
744 461 859 521 Airioae
886 459 1007 521 voluere
1036 461 1125 521 etiam
1154 478 1202 522 au·

145 599 154 611 .
188 554 242 612 stri
275 552 387 612 iaciunt
414 548 613 631 pandentibus
641 549 779 610 hracohia
806 557 840 611 ut
867 551 990 628 remigia
1015 548 1203 610 sublevantes

186 640 427 720 Apollodorus
449 639 529 701 idem
547 640 633 719 plane
657 637 835 717 quibusdam
857 641 956 700 inesse
975 640 1082 718 pinnas
1104 639 1229 700 tradita

134 736 168 786 aa
188 745 275 810 saepe
298 728 402 812 Psylli,
431 730 483 808 qui
506 728 690 809 reliquarum
711 745 826 789 venena
853 733 1003 790 terrarum
1030 727 1218 789 invehentes·

187 821 272 898 qarasi
295 825 437 898 quaestus
469 820 516 878 sui
540 833 629 878 eausa
646 819 818 898 peregrinis
846 817 930 880 malis
958 817 1119 898 implevere
1149 817 1202 878 lta·

186 907 268 988 liam,
291 906 347 966 has
371 922 490 986 quoque
514 909 677 988 importare
700 909 798 968 eonati
823 914 905 988 sunt,
929 907 982 967 sed
1004 908 1105 967 virere
1127 908 1204 966 intra
1311 985 1312 988 Ἴ

187 995 279 1056 Siculi
308 995 382 1057 caeli
408 998 563 1076 regionem
590 1011 650 1058 non
678 1003 812 1075 potuere.
862 998 1001 1072 visuntur
1027 1003 1128 1056 tamen
1155 995 1203 1055 all·

187 1085 304 1164 quando
327 1087 359 1145 in
382 1084 479 1166 ltalia,
507 1084 560 1145 sed
581 1087 718 1166 innocui,
742 1084 903 1164 multisque
927 1085 1051 1145 aliis'in
1074 1084 1149 1145 loeis
1170 1091 1241 1144 nt1⁰

135 1178 169 1228 90
189 1176 268 1240 eirea
294 1173 426 1234 Pharum
453 1176 485 1234 in
507 1173 649 1255 Aegypto.
696 1176 726 1235 in
757 1173 877 1254 Scythia
904 1176 1089 1236 interemunt
1117 1175 1205 1234 etiam
1311 1223 1312 1256 p

186 1281 256 1324 sues
275 1262 406 1340 alioquin
425 1264 711 1324 vivacioressaontra
731 1276 844 1324 varena
863 1262 941 1344 talia,
965 1263 1064 1341 nigras
1084 1263 1206 1342 quidm
1311 1267 1312 1316 l

185 1351 323 1431 celerius,
347 1353 372 1411 si
395 1352 427 1411 in
451 1369 558 1431 aquam
581 1367 614 1412 se
632 1350 835 1413 immerserint.
871 1351 985 1412 homini
1003 1353 1063 1413 ioto
1082 1357 1205 1431 putatur
1311 1357 1312 1432 l

185 1457 251 1500 esse
275 1439 408 1500 remedio
432 1441 567 1518 ipsorum
590 1443 665 1501 ainis
692 1448 781 1520 potus
810 1443 841 1500 in
869 1443 946 1502 vine.
991 1455 1128 1520 magnam
1156 1441 1204 1501 ad·
1311 1433 1312 1438 ’

184 1529 357 1589 versitatum
380 1528 445 1590 oleo
468 1533 576 1590 mersis
605 1537 635 1590 et
663 1529 851 1590 stellionibus
878 1536 985 1609 putant
1012 1545 1092 1611 esse,
1120 1532 1244 1590 inno-1⁵

186 1619 251 1678 ouis
275 1617 426 1678 dumtaxat
448 1620 486 1678 iis
510 1619 561 1697 qui
586 1626 616 1679 et
638 1620 696 1698 ipsi
719 1626 822 1679 aaroni
846 1621 1002 1701 sanguine,
1026 1619 1204 1680 lacertarum

185 1706 292 1786 ligura3
316 1724 409 1785 aeque
429 1709 601 1786 scorpiones
621 1709 652 1767 in
670 1713 768 1769 totum
787 1707 860 1768 malli
883 1723 993 1768 nooere
1012 1707 1122 1787 quihus
1145 1718 1203 1766 non

19 1781 21 1788 ’
132 1799 166 1850 91
187 1796 225 1854 sit
244 1797 372 1874 sanguis.
411 1796 530 1874 quidam
550 1803 580 1856 et
598 1793 635 1856 ah
654 1798 727 1876 ipsis
746 1796 841 1858 iatum
859 1797 994 1858 devorari
1014 1789 1204 1857 arilitrantur.
1309 1791 1310 1872 3

142 1963 145 1970 .
186 1898 279 1944 unum
299 1884 386 1945 modo
405 1884 536 1964 relinqui
554 1884 793 1946 sollertissimum
813 1893 843 1947 et
862 1887 913 1964 qui
933 1887 1079 1965 se'ipsius
1101 1885 1203 1945 matris
1309 1891 1310 1916 ³

142 2001 147 2010 -
186 1971 324 2034 clunibus
343 1973 513 2053 inponendo
532 1981 616 2034 tutus
631 1981 665 2034 et
684 1989 700 2034 a
724 1975 816 2035 cauda
839 1981 869 2035 et
893 1993 909 2034 a
932 1991 1034 2036 morsu
1057 1975 1122 2035 loon
1145 1973 1205 2034 ilat.
1220 1985 1249 2026 2⁰

185 2061 265 2122 harno
296 2079 361 2123 esse
392 2061 579 2142 reliquorum
608 2063 752 2144 ultorem,
787 2053 838 2142 (jul
868 2072 1021 2143 postremo
1054 2064 1206 2142 genitores

175 2165 316 2232 ¹superne
340 2149 485 2212 conficiat.
530 2154 690 2231 pariuntur
712 2159 812 2212 autem
835 2147 964 2212 undeni?

253 2235 310 2302 26.
331 2233 405 2322 (31)
430 2239 679 2302 chamaeleonum
697 2241 850 2302 stelliones
868 2241 900 2301 hl
918 2240 1136 2321 prodammodo
1154 2248 1206 2298 na-

184 2337 282 2390 turam
305 2327 429 2410 habent‚
452 2343 521 2390 rore
539 2337 661 2390 ¹latratum
683 2331 816 2391 viventes
839 2335 1018 2410 praeterque
1043 2329 1169 2390 araneis.

131 2424 164 2474 92
253 2409 331 2500 (32)
353 2416 464 2478 Similis
484 2419 593 2504 claudis
611 2421 679 2499 vita,
703 2431 830 2498 quarum
845 2419 907 2502 *dno
927 2432 1049 2498 genera:
1072 2419 1251 2477 minorasse

185 2523 260 2585 quae
278 2507 392 2586 primae
411 2510 592 2586 proveniunt
610 2514 640 2568 at
659 2509 836 2570 novissimae
855 2515 993 2588 pereunt,
1016 2513 1207 2568 suntantea]

185 2602 292 2656 mutae.
340 2607 470 2674 sequens
495 2603 540 2656 est
562 2595 696 2657 volatura
804 2610 879 2675 (prae
908 2604 1032 2676 canunt,
1059 2599 1206 2656 vocantur

184 2682 305 2746 achetae
329 2688 368 2765 el,
392 2700 468 2764 quae
487 2687 618 2745 minores
641 2701 678 2745 ex
701 2685 748 2745 his
772 2691 851 2766 saint,
869 2686 1033 2764 tettigonla.
1066 2683 1119 2744 sed
1138 2683 1206 2744 illae

183 2773 276 2852 magis
300 2790 434 2834 canorae.
474 2791 571 2834 mares
595 2782 705 2834 canunt
728 2775 758 2834 in
784 2782 912 2852 utroque
936 2791 1055 2853 genere,
1078 2773 1206 2832 laminae

185 2907 400 2923 -rd-n-——nd-uum

255 2983 269 3032 1
289 2977 474 3049 inexplebiles
493 2980 580 3050 (expl
594 2981 640 3048 ii.)
658 2995 684 3034 a.
712 2977 746 3034 -li
760 2984 809 3037 ir.
839 2979 877 3035 -le
895 2997 918 3036 r.
944 2983 949 3049 l
972 2975 1207 3052 potueruntne.

183 3051 287 3104 auae.
361 3050 526 3119 aquariis
546 3065 656 3107 ornav.
739 3053 772 3106 13
791 3046 970 3107 immerserint
982 3053 1040 3106 lo.
1060 3050 1096 3105 -u
1108 3065 1133 3105 r.

183 3124 216 3174 15
237 3123 265 3176 et
281 3119 359 3176 fleat.
370 3119 428 3176 Get.
457 3118 507 3176 aad
524 3139 547 3178 r.
649 3123 682 3177 17
698 3137 795 3194 aequa
813 3135 860 3194 ego
878 3137 937 3178 noe.
956 3123 1010 3178 lac.
1024 3133 1056 3192 p.
1067 3119 1104 3177 34
1116 3135 1144 3177 o.
1159 3116 1207 3177 12.

182 3194 267 3261 atque
282 3193 340 3246 llo.
413 3195 448 3246 aa
467 3191 576 3248 manas
590 3197 646 3248 iio.
675 3193 714 3248 -ei
727 3207 756 3250 r..
823 3196 857 3250 21
871 3196 966 3250 mutae
980 3189 1115 3250 denual.
1134 3189 1208 3248 rnul-

181 3265 228 3316 tae
246 3279 270 3317 r.
296 3263 302 3334 Ι
330 3260 445 3318 uelatur
462 3278 552 3334 aquae
569 3263 613 3319 12¹.
647 3267 757 3336 -tnrea
775 3279 847 3335 quaa
865 3259 910 3320 iii.
942 3267 1019 3321 tura
1037 3280 1072 3320 aa
1181 3265 1208 3338 tl.

182 3335 227 3387 ·iu
240 3349 317 3402 τῆτες
336 3351 408 3403 quaa
427 3335 468 3390 ad.
483 3334 541 3391 aet.
559 3331 606 3392 aad
623 3351 648 3391 a.
667 3329 862 3394 Schneiderum
880 3335 918 3394 ad
933 3336 1038 3394 Uolum.
1063 3331 1092 3388 V
1102 3337 1169 3402 119,
1180 3339 1207 3389 1.

184 3402 188 3472 l
209 3404 339 3459 tammam
357 3419 406 3488 ego
422 3407 548 3462 lunisoni
553 3409 621 3492 troil.
636 3408 723 3463 Arist.
738 3409 764 3464 h.
779 3425 805 3465 a.
826 3411 896 3465 Van
909 3408 972 3465 aaa.
982 3405 1209 3492 pariseorum·

181 3475 872 3620 unanimo
890 3477 1209 3622 nautia

183 3613 234 3676 cfr.
248 3613 336 3672 Aeas.
355 3617 374 3673 1.
387 3618 405 3672 1.
435 3618 491 3676 -iae
510 3622 587 3679 noda.
601 3621 689 3678 Borh.
717 3624 881 3694 magonae
899 3621 936 3677 2⁹,
965 3622 1005 3676 ·ia
1022 3639 1046 3678 r.
