2620 3948
200 155 241 220 78
546 153 574 207 o.
593 151 693 206 rnrnr
713 150 871 220 sneunm

264 301 375 365 Verum
402 306 433 364 in
462 301 610 363 crocodilo
640 303 735 362 maior
763 303 947 380 erat-pestis
975 321 1063 382 quam
1093 309 1126 362 ut
1153 321 1216 362 imo

198 401 279 456 esset
306 396 370 453 eius
393 393 479 452 hoste
506 400 612 452 natura
640 398 786 452 contenta.
832 392 932 469 itaque
961 398 992 450 et
1014 391 1145 470 delphini
1170 393 1215 450 in-

124 501 129 513 ·
198 489 331 542 meantes
349 481 425 562 Nilo,
449 499 577 559 quorum
600 480 689 541 dorso
707 487 858 558 tamquam
881 479 1017 540 adhunc
1040 497 1129 540 usum
1152 479 1215 540 cnl-

198 571 297 631 tellata
319 573 400 631 inest
420 571 524 649 pinna,
554 568 706 647 abigentes
729 587 781 628 eos
803 569 913 646 praeda
940 586 974 628 ac
997 569 1077 628 velut
1104 570 1135 628 in
1159 585 1215 628 suo

156 734 158 736 Ι
198 668 314 720 tantum
337 677 422 718 amne
445 665 614 738 regnantes,
637 657 767 735 alioquin
789 660 909 735 inpares
930 655 1044 717 viribus
1067 659 1124 735 ipsi
1147 665 1247 717 astus

198 750 383 808 interimunt.
428 746 536 806 callent
560 749 639 807 enim
661 748 693 806 in
715 747 771 806 hoc
796 754 903 806 cuncta
926 746 1074 828 animalia,
1102 748 1214 806 sciunt·

92 874 99 890 =
200 855 257 916 que
286 855 346 896 non
373 854 426 897 sua
450 835 536 896 modo
565 835 718 895 commoda
741 853 844 895 verum
872 842 902 895 et
924 835 1056 895 hostium
1083 835 1215 915 adversa,

199 934 310 986 norunt
334 943 387 986 sna
410 925 476 1004 tela,
499 932 611 986 norunt
633 925 804 984 occasiones
826 931 986 1003 partesque
1006 923 1215 984 dissidentium

198 1013 324 1074 inbellis.
374 1015 405 1073 in
433 1021 536 1074 ventre
565 1012 661 1072 mollis
690 1020 735 1072 est
762 1014 922 1092 tenuisque
950 1015 1028 1072 cutis
1055 1011 1214 1072 crocodilo.

199 1103 265 1162 ideo
294 1121 326 1163 se
354 1110 387 1162 ut
414 1103 512 1162 territi
540 1109 679 1180 mergunt
707 1100 838 1179 delphini
866 1100 1088 1179 subeuntesque
1117 1101 1215 1160 alvum
1230 1119 1261 1159 ro

145 1205 179 1254 92
196 1191 248 1252 illa
271 1199 373 1252 secant
396 1193 488 1270 spina.
526 1192 598 1268 quin
622 1197 652 1250 et
674 1208 747 1268 gens
770 1189 924 1250 hominnm
948 1197 993 1250 est
1015 1189 1085 1250 huic
1108 1189 1214 1250 helnae

200 1279 321 1340 adversa
349 1283 379 1340 in
406 1281 471 1358 ipso
494 1279 560 1338 Nilo
584 1297 601 1338 a
623 1277 745 1358 Tentyri
768 1279 864 1338 insula
891 1281 922 1339 in
946 1296 1004 1358 qua
1027 1277 1139 1338 habitat
1155 1291 1214 1356 'ap-

199 1368 313 1446 pellata.
358 1386 498 1428 mensura
527 1385 631 1428 eorum
657 1385 759 1448 parva,
779 1368 841 1428 'sed
869 1369 1037 1446 praesentia
1064 1369 1155 1426 animi
1180 1369 1215 1426 in

199 1457 256 1516 hoo
279 1465 394 1518 tantum
421 1475 478 1517 usu
503 1459 586 1516 mira.
632 1455 774 1516 terribilis
796 1455 869 1516 haec
894 1463 997 1516 contra
1019 1455 1139 1535 fugaces
1163 1455 1214 1516 be-

146 1559 180 1606 93
199 1544 247 1604 lua
275 1553 333 1626 est,
363 1546 451 1623 lugan
479 1552 582 1605 contra
610 1553 778 1620 sequentes.
825 1545 877 1605 sed
902 1545 1058 1606 adversum
1085 1547 1130 1604 irc
1158 1543 1258 1604 soli15

199 1633 230 1692 hi
254 1634 376 1713 audent,
404 1635 455 1713 qui
479 1641 509 1692 et
531 1633 646 1693 tlumIni
668 1635 814 1714 innatant,
844 1634 993 1713 dorsoque
1017 1635 1215 1712 equitantium

200 1723 287 1782 modo
309 1723 434 1801 inpositi
449 1721 599 1782 hiantibus
622 1724 764 1800 resupino
786 1724 880 1802 capite
905 1722 940 1782 ad
959 1740 1093 1783 morsum
1116 1721 1215 1782 addita

199 1813 230 1870 in
249 1829 282 1870 os
301 1810 389 1891 clava,
411 1829 427 1870 a
446 1810 548 1870 dextra
567 1828 601 1870 ac
620 1810 701 1870 laeva
719 1817 857 1871 tenentes
875 1820 1007 1872 extrema
1026 1814 1090 1871 eius
1109 1812 1213 1871 utrim-

160 1907 163 1910 '
200 1918 271 1980 que,
302 1907 337 1959 ut
360 1901 453 1959 frenis
479 1901 511 1959 in
534 1895 646 1960 terram
673 1906 766 1978 agunt
788 1902 931 1979 captivos,
963 1918 997 1960 ac
1024 1917 1096 1959 voce
1123 1902 1213 1960 etiam

200 1988 261 2048 sola
288 1990 409 2048 territos
437 1995 548 2067 cogunt
576 2005 711 2049 evomere
740 1991 872 2049 recentia
898 2006 1025 2067 corpora
1052 1988 1087 2048 ad
1115 1987 1212 2066 sepul»
1227 2005 1255 2044 ro
1307 2000 1308 2007 ¹

199 2085 304 2138 turam.
336 2079 436 2156 itaque
455 2079 508 2137 um
531 2079 559 2137 ei
577 2077 690 2138 insudas
709 2077 854 2137 crocodili
872 2095 931 2137 non
951 2077 1067 2157 adnant,
1091 2075 1211 2137 ollactu-

200 2185 268 2246 qne
286 2168 350 2226 aius
377 2169 496 2244 generis
523 2165 690 2248 hominum,
720 2174 753 2227 ut
775 2165 942 2245 Psyllorum
970 2173 1138 2246 serpenteS‚
1168 2165 1211 2224 lu·

145 2267 181 2314 94
199 2262 314 2332 gantur.
342 2254 466 2315 hebetes
489 2254 591 2315 oculos
614 2255 671 2314 hoc
694 2254 801 2316 animal
818 2255 928 2315 dicitur
946 2253 1055 2314 habere
1079 2257 1109 2314 in
1129 2269 1212 2333 aqua,

200 2352 283 2403 extra
310 2345 447 2404 acerrimi
473 2345 567 2425 visus,
597 2351 797 2422 quattuorque
824 2361 942 2403 menses
964 2343 1071 2403 hiemis
1095 2361 1212 2421 semper

198 2433 295 2492 inedia
321 2434 486 2492 tramittere
514 2435 546 2492 in
574 2451 675 2511 specu.
721 2432 840 2511 quidam
866 2432 923 2492 hoc
951 2451 1045 2494 unum
1073 2430 1211 2510 quamdiu
1226 2446 1255 2488 25

198 2523 275 2580 vivat
299 2537 434 2581 crescere
459 2519 649 2580 arbitrantur.
695 2523 765 2581 vivit
788 2528 887 2582 autem
909 2520 1005 2600 longo
1020 2529 1163 2600 tempore.

146 2619 179 2668 95
267 2601 340 2690 (39)
386 2608 479 2669 Maior
506 2609 660 2670 altitudine
688 2611 720 2669 in
744 2609 848 2670 eodem
871 2608 936 2668 Nilo
959 2609 1047 2670 belua
1070 2603 1210 2688 hippopo-

269 2850 387 2905 3sordo
406 2849 470 2904 Μ
497 2853 501 2919 Ι
525 2852 641 2906 tamena
658 2856 689 2906 B.
716 2869 795 2906 -uum
813 2856 837 2906 d.
910 2851 1043 2924 ipissp'ne
1061 2851 1105 2905 ΕΙ.
1133 2851 1212 2920 spina

198 2921 241 2976 Iti.
259 2924 263 2990 Ι
282 2921 388 2991 praeda
406 2926 430 2976 d.
454 2921 518 2976 —dac
537 2921 579 2975 Ill.
604 2921 681 2975 -dam
699 2939 722 2976 r.
778 2929 793 2978 6
812 2922 976 2977 interimunt
994 2923 1024 2975 αἳ
1037 2925 1070 2977 in
1082 2938 1138 2977 ras.
1152 2921 1209 2974 rld.

198 2993 272 3047 inter
290 2994 367 3047 moto
386 3010 409 3047 r.
483 2999 516 3046 12
536 3010 553 3047 e
571 2992 687 3062 Tentyri
705 2992 766 3048 sut
796 2993 929 3062 atintyri
946 2994 1036 3048 ΜΨ.
1064 3010 1106 3047 -ro
1125 3011 1149 3046 n.
1176 2991 1211 3046 ad

197 3064 283 3132 intyri
301 3068 331 3118 R.
361 3065 390 3117 et
406 3063 436 3117 in
454 3063 509 3132 tyri
528 3064 565 3116 (12.
657 3070 689 3117 13
713 3063 799 3118 animi
822 3064 898 3117 Fial.
931 3064 1038 3118 homini
1061 3069 1091 3118 R.
1124 3063 1210 3118 homi·

197 3153 265 3189 num
282 3152 315 3190 rs
393 3140 427 3188 14
449 3133 563 3204 fugaces
582 3136 610 3188 u.
639 3135 738 3188 -ientes
757 3135 818 3190 Sall.
834 3151 886 3202 per
904 3151 1028 3190 errorem
1115 3141 1147 3188 15
1171 3149 1210 3186 se-

197 3207 314 3274 quentes
332 3205 399 3260 Dat.
428 3208 570 3274 serpentes
589 3207 617 3260 ll.
643 3207 647 3272 Ι
673 3205 723 3259 sed
741 3221 790 3260 orn.
809 3210 840 3258 R.
912 3211 946 3260 20
967 3221 1096 3260 evomere
1114 3205 1210 3257 rlald.

199 3294 268 3331 -mes
287 3295 310 3331 r.
396 3283 429 3331 21
450 3276 500 3330 um'
519 3277 715 3342 eiaic'nraa.
734 3276 829 3330 raoo.
857 3277 933 3331 unici
950 3293 973 3331 r.
1009 3279 1013 3345 Ι
1047 3277 1153 3330 adnant
1169 3275 1210 3328 Fi.

198 3349 336 3402 adnatant
354 3347 456 3402 aaron
485 3348 601 3402 domant
619 3352 642 3400 d.
671 3347 778 3402 donant
794 3365 818 3401 r.
853 3350 857 3416 Ι
891 3347 1051 3416 olfactuque
1070 3346 1210 3400 rolleno.

197 3418 329 3485 factuque
347 3436 370 3473 r.
452 3423 485 3472 25
504 3419 693 3473 transmittere
711 3417 780 3471 aldi
797 3419 830 3473 irc
847 3435 902 3473 ree.
921 3418 992 3473 Roo.
1019 3417 1134 3472 tramihi

198 3488 242 3541 3².
270 3490 433 3544 tramineter
450 3490 494 3543 3¹.
520 3491 633 3544 tramite
651 3490 732 3544 heret
750 3492 767 3541 d
784 3490 816 3543 in
828 3505 883 3544 ras.
909 3489 1102 3544 tremiaeteret
1118 3505 1141 3543 r.

199 3563 232 3612 27
255 3557 484 3627 hippopotamius
504 3560 620 3629 Georges
636 3562 734 3628 phalel.
758 3563 881 3613 XXXII
890 3577 921 3629 p.
931 3565 994 3616 690.
1023 3561 1073 3628 cfr.
1093 3563 1137 3612 VI
1150 3565 1211 3615 173.

201 3631 248 3680 XI
253 3633 316 3683 160.
335 3631 393 3682 XX
398 3633 471 3683 VIII
475 3634 539 3686 121.
558 3633 681 3683 XXXII
685 3635 739 3687 139
749 3647 795 3700 ap.
805 3631 879 3687 Detl.
899 3632 981 3687 -bami
994 3649 1008 3687 s
1021 3637 1051 3687 R.
1073 3634 1175 3686 -bemus
1188 3647 1211 3688 r.
