2624 3954
360 187 443 242 NAT.
463 188 555 242 fflsu.
575 188 614 242 xl
633 195 666 244 sa
688 187 814 257 (ra-re)
990 183 996 193 '
1039 187 1104 253 255

89 338 280 414 attingantur.
331 344 377 396 est
408 345 504 397 antem
536 335 608 397 nihii
639 336 717 397 aliud
748 355 835 416 quam
865 346 1104 419 purgamentum,

87 427 310 504 pessimumque
339 427 490 503 sanguinis
521 433 566 485 est
592 425 659 485 ideo
688 427 719 484 in
747 428 869 486 materia
898 429 971 487 eius.
1021 433 1104 488 certe

88 516 172 573 ieeur
196 512 270 574 nulli
297 521 343 574 est
366 516 423 574 nisi
446 505 619 592 sanguinem
644 512 831 574 habentibus
878 517 985 593 accipit
1007 515 1064 575 hoe
1088 532 1105 575 a

89 603 192 684 corde,
216 605 263 662 cui
286 605 430 682 iungitur,
452 602 608 680 funditque
631 603 662 661 in
686 621 784 663 renas.

62 704 74 743 ⁵
157 690 251 752 *Sed
269 691 393 752 renibus
412 697 442 750 et
460 699 543 770 parte
562 698 678 751 tantum
696 690 787 758 altera
805 693 946 752 intestino
963 694 1160 771 iungitur194

88 782 119 839 in
150 783 260 861 eorviS,
296 778 516 860 coturnicibus,
549 777 716 860 phasianis,
751 778 928 858 quibusdam
962 783 1104 841 intestino

88 876 213 950 tantum,
236 871 323 929 utin
347 867 500 949 columbis,
524 869 674 950 accipitre,
697 870 839 929 murenis.
880 871 983 947 paucis
1007 871 1105 930 avium

88 960 119 1016 in
148 960 264 1038 iecore,
300 955 490 1036 serpentibus
519 959 656 1036 portione
689 958 815 1017 maxime
848 959 1010 1035 copiosum.
1063 965 1094 1018 et
1104 964 1154 1014 196

89 1045 222 1124 piscibus
245 1053 345 1106 autem
373 1054 418 1106 est
445 1053 508 1106 toto
535 1045 686 1125 plerisque
714 1048 857 1106 intestino
882 1093 924 1120 .,.
949 1048 1027 1106 sicut
1054 1062 1101 1106 ao·

47 1135 203 1215 10erpitri,
235 1133 335 1194 miluo.
385 1141 540 1214 praeterea
573 1141 603 1194 et
633 1136 665 1194 in
697 1141 819 1213 pectore
853 1142 899 1194 est
931 1141 961 1193 et
994 1136 1103 1194 ceteris

89 1221 234 1283 avibus*

156 1304 230 1392 (75)
255 1311 312 1372 Sed
336 1314 368 1372 in
386 1310 453 1371 selle
477 1313 562 1390 nigro
585 1311 717 1371 insaniae
741 1329 829 1371 eausa
857 1311 970 1371 homiui
998 1316 1154 1370 mors-193

90 1417 147 1477 que
169 1406 233 1459 toto
256 1399 381 1460 reddito.
422 1400 492 1460 hinc
516 1409 545 1460 et
568 1402 598 1459 in
622 1417 721 1460 mores
746 1401 860 1460 crimen
882 1399 950 1459 bilis
973 1401 1102 1464 nomine,

89 1487 162 1548 adeo
185 1505 323 1567 magnum
347 1496 393 1549 est
419 1491 451 1548 in
477 1488 532 1548 hae
559 1497 643 1568 parte
667 1491 762 1569 virus,
791 1507 859 1549 cum
887 1506 919 1548 se
947 1487 1047 1560 fundit
1072 1490 1104 1548 in

46 1589 74 1628 15
89 1577 228 1636 animum.
283 1579 355 1655 quin
392 1585 422 1637 et
448 1585 516 1660 ,toto
548 1595 654 1655 vagum
687 1595 812 1656 corpore
846 1576 976 1636 colorem
1008 1575 1104 1636 oeulis

89 1682 208 1743 quoque
238 1666 350 1746 aufert,
383 1664 456 1725 illud
485 1664 605 1744 quidem
634 1665 784 1726 redditum
814 1666 904 1726 etiam
934 1667 1032 1745 aenis,
1061 1667 1104 1723 ni-

88 1761 289 1832 grescuntque
308 1761 444 1814 contacta
462 1772 511 1834 eo,
534 1772 571 1814 ne
592 1756 658 1832 quis
676 1756 803 1814 miretur
822 1753 851 1814 id
871 1771 1018 1814 venenum
1037 1771 1103 1813 esse
1118 1765 1158 1808 res

89 1840 319 1921 serpentium*
365 1841 465 1902 vitulis
488 1843 607 1920 quidem
630 1844 752 1902 marinis
785 1841 821 1901 ad
851 1840 942 1902 multa
974 1849 1156 1920 quoque195

87 1929 195 1991 nobile.
240 1939 396 1991 taurorum
420 1930 487 1990 felle
511 1948 620 1990 aureus
644 1930 764 1990 ducitur
792 1929 882 1989 color.
927 1929 1103 2008 haruspices

45 2033 73 2074 20
88 2017 117 2079 id
137 2018 274 2098 Neptuno
299 2025 329 2079 et
347 2020 461 2079 umoris
480 2019 629 2097 potentiae
650 2017 794 2097 dicavere,
817 2019 1028 2095 geminumque
1048 2018 1106 2077 init

90 2106 157 2165 divo
180 2108 313 2185 Augusto
337 2125 397 2185 quo
421 2105 467 2165 die
492 2106 569 2184 apud
592 2104 711 2165 Aetium
734 2107 813 2164 vicit.

157 2186 231 2276 (76)
259 2194 388 2254 Murium
411 2192 573 2254 iocusculis
595 2192 687 2253 fibrae
711 2192 746 2253 ad
770 2209 929 2253 numerum
951 2192 1039 2252 lunae
1062 2194 1093 2252 in
1104 2201 1156 2251 196

89 2299 193 2342 mense
226 2300 392 2362 congruere
424 2281 566 2343 dicuntur
598 2281 782 2359 totidemque
814 2281 942 2341 inveniri
978 2289 1120 2359 quotum·

88 2370 190 2431 lumen
213 2373 278 2432 eius
303 2373 349 2453 sit,
372 2377 527 2451 praeterea
550 2368 655 2430 bruma
678 2373 857 2430 increscere.
899 2370 1106 2430 cuniculorum

26 2473 74 2534 ,²⁵
89 2468 156 2520 exta
183 2463 214 2520 in
237 2459 355 2520 Baetica
383 2461 498 2539 gemina
526 2477 613 2538 saepe
640 2461 843 2538 reperiuntur.
888 2473 1028 2520 ranarum
1055 2477 1105 2520 ru·

88 2546 225 2609 betarum
255 2549 347 2608 altera
376 2547 449 2608 iibra
480 2566 496 2608 a
530 2549 663 2608 formicis
697 2565 757 2608 non
792 2548 947 2626 attingitur
980 2555 1106 2627 propter

88 2703 125 2724 -l-

163 2812 176 2859 1
198 2808 260 2862 dist.
280 2823 326 2876 epo
349 2808 408 2863 coli.
422 2807 510 2862 Arist.
528 2808 562 2862 de
574 2812 651 2877 port.
670 2823 716 2862 on.
732 2809 809 2862 1112
823 2823 854 2876 p.
865 2806 966 2875 67711,
981 2811 1020 2863 29
1039 2808 1105 2861 ἀπο-

24 2903 33 2918 ·
88 2877 216 2945 κὰθαρμά
235 2879 314 2932 ἐςτιν,
413 2880 563 2947 oeseepo.
592 2881 622 2932 ei
639 2879 697 2932 iio.
723 2879 728 2946 Ι
752 2877 782 2931 in
799 2877 889 2932 meris
906 2878 943 2931 ι’.
969 2880 973 2945 Ι
999 2876 1057 2932 eius
1077 2879 1105 2933 li.

87 2949 139 3004 dei.
155 2948 191 3004 (1².
218 2949 277 3003 eius
296 2951 340 3004 esi
357 2949 416 3006 edd.
430 2955 494 3004 unte
507 2949 599 3004 Hard.
685 2954 701 3003 5
720 2947 770 3003 sed
787 2949 942 3003 renibus-
954 2954 986 3001 11
1007 2948 1105 3003 avibus

87 3021 141 3075 buc
158 3021 318 3089 transposui
335 3037 369 3074 ex
386 3037 411 3075 o.
429 3025 466 3075 18
485 3021 543 3074 coli.
562 3020 654 3075 indice
677 3021 750 3075 iibri.
836 3025 852 3074 5
875 3019 987 3073 renibus
1011 3035 1104 3074 eorru-

82 3096 166 3161 ptum
179 3096 231 3145 est:
249 3092 299 3158 cfr.
314 3091 335 3216 f
348 3096 406 3147 206
425 3096 450 3146 ei
462 3091 550 3146 Arist.
565 3092 590 3145 b.
606 3109 631 3146 a.
646 3093 722 3146 1116
740 3092 818 3157 init,
836 3092 869 3145 de
882 3095 959 3159 puri.
974 3107 1020 3145 un.
1031 3092 1104 3145 ΙΙΙ9

86 3163 149 3217 init.
167 3163 279 3230 tioium
298 3161 429 3215 sterili.
503 3163 570 3218 iui
587 3165 648 3232 (orn.
661 3163 703 3233 in)
718 3180 742 3215 s.
815 3161 943 3216 Siecore
961 3159 1103 3215 RedGel.

87 3249 151 3303 pee-
166 3239 195 3286 lt.
219 3235 297 3303 peei-
312 3237 350 3286 sd
359 3234 418 3287 edd.
428 3237 489 3288 vett.
557 3239 573 3286 9
588 3234 651 3288 dist.
666 3248 721 3303 epo.
736 3231 798 3288 Siti.
818 3232 916 3286 avibus
931 3237 994 3286 ante
1008 3233 1104 3284 unbem

87 3305 131 3358 esi
148 3305 279 3358 inseruit:
297 3306 341 3358 esi
359 3305 455 3358 autem
472 3320 497 3358 o.
526 3304 615 3358 conici
629 3305 751 3373 potuerit
770 3304 851 3358 etiam
870 3303 964 3357 avium
988 3303 1039 3368 est,
1058 3302 1105 3355 sed

86 3379 174 3430 rotun
188 3376 276 3430 iocum
288 3376 440 3445 foedissime
454 3375 595 3430 turbatum
613 3391 666 3429 esse
684 3375 768 3429 elucet
781 3389 814 3428 ex
828 3373 916 3428 Arist.
931 3374 957 3427 b.
972 3390 997 3427 a.
1012 3373 1048 3424 II
1057 3375 1102 3440 15,

87 3447 120 3501 de
133 3451 211 3516 part.
230 3464 277 3503 au.
291 3447 364 3503 [Vs
473 3451 508 3499 10
530 3447 643 3516 pectore
661 3451 707 3498 Ra
720 3446 777 3500 eod.
794 3443 874 3512 Obiff.
891 3445 951 3499 edd.
966 3447 1030 3498 ante
1044 3441 1103 3496 θεῖ.

86 3532 188 3587 pecore
201 3521 253 3574 nd.
283 3533 373 3574 ..core
385 3521 422 3575 1.
450 3517 541 3572 iecore
555 3518 596 3572 ed.
612 3516 669 3572 θεῖ.
692 3518 742 3571 boe
760 3531 864 3586 qunque
881 3515 1037 3568 mendosum
1055 3517 1101 3566 est.

159 3593 242 3642 10.11
263 3591 292 3642 et
310 3588 379 3644 ceiis
398 3588 527 3643 omnibus
540 3588 607 3644 Dat.
685 3593 719 3643 16
738 3587 797 3641 enis
815 3585 859 3640 ΕΙ.
891 3584 968 3656 jnnis
986 3583 1029 3637 12².

88 3664 121 3713 17
141 3659 271 3714 coniecto
289 3659 334 3716 12².
363 3661 434 3714 -beio
453 3659 497 3716 12¹.
570 3664 604 3713 25
624 3674 723 3728 saeper
740 3664 770 3714 1).
800 3671 911 3725 semper
926 3660 958 3710 B.
