2636 3952
268 144 351 199 NAT.
370 143 462 199 HIST.
482 145 507 199 x
525 150 629 201 rl-rr
650 146 785 216 (oo-os).
810 145 882 198 xl1
904 145 940 214 (1)
1044 139 1109 204 209
1185 101 1188 106 A

100 317 161 378 ses,
188 297 257 359 dein
280 296 395 376 longior
423 300 454 367 in
482 298 545 358 dies
572 297 677 376 vigilia.
724 298 850 356 somniat
878 298 977 356 statim
1004 292 1110 354 infans.

99 406 169 448 nam
192 395 222 447 et
243 404 351 466 pavore
376 389 591 466 expergiscitur
615 395 646 447 et
668 395 786 447 suctum
813 387 954 447 imitatur.
991 385 1111 464 qnidam

98 494 170 536 vero
193 493 368 556 numquam,
396 475 504 554 quihus
527 477 715 536 mortiferum
742 476 834 535 luisse
862 478 980 554 signum
1008 481 1112 534 contra

100 565 347 626 consuetudinem
371 567 519 626 somnium
542 566 709 625 invenimus
732 564 873 643 exempla.
915 582 1039 644 magnus
1062 562 1111 623 hic

73 655 203 714 ⁵invitat
221 654 304 715 locus
328 659 358 713 et
376 654 501 714 diversis
519 654 649 715 refertus
673 653 867 735 documentis,
889 663 1029 716 utrumne
1053 656 1113 714 sint

101 741 197 820 aliqm
228 743 374 823 praescita
405 746 494 804 animi
525 745 707 822 quiescentis
742 761 859 822 quaque
888 743 960 804 liant
988 745 1113 824 ratione,

101 849 138 892 an
162 832 283 892 lortuita
305 849 355 890 res
374 835 413 893 sit
434 840 469 893 ut
490 831 641 911 pleraque.
688 835 713 892 si
736 830 878 910 exemplis
902 840 1017 913 agatur,
1045 850 1112 910 pro-

100 920 178 980 lecto
202 922 284 1000 paria
307 921 385 981 liant.
423 925 530 982 avtno
553 930 585 981 et
607 941 623 981 a
647 921 721 982 cibis
745 923 878 1000 proxima
901 929 989 999 atquc
1013 922 1044 980 in
1067 938 1112 980 re·
1144 997 1147 1002 ,

100 1009 278 1070 dormitione
308 1027 382 1069 vana
412 1029 477 1070 esse
508 1013 569 1071 visa
606 1029 698 1090 prope
735 1013 880 1070 convenit.
936 1017 983 1069 est
1014 1017 1114 1070 autem

58 1107 86 1148 1⁰
100 1117 223 1159 somnus
246 1097 319 1159 nihil
342 1098 420 1160 aliud
445 1118 534 1178 quam
557 1102 646 1160 animi
669 1101 700 1160 in
723 1099 853 1160 medium
878 1117 943 1158 sese
966 1115 1113 1159 recessus,

98 1195 220 1268 praeter
243 1187 393 1247 hominem
416 1191 563 1249 somniare
592 1206 699 1270 equos,
727 1206 829 1269 canes,
856 1186 961 1268 boves,
988 1205 1106 1268 pecora,
1116 1189 1171 1240 212-

3 1337 4 1340 ,
100 1294 205 1355 capras
228 1275 323 1355 palam
347 1283 400 1337 est.
446 1277 484 1337 ob
512 1277 568 1337 hoc
597 1277 692 1338 credit
680 1285 729 1337 tur
756 1285 787 1338 et
813 1279 844 1337 in
873 1277 1011 1339 omnihus
1039 1295 1114 1356 quae

100 1365 209 1426 animal
236 1367 361 1444 pariant.
408 1366 481 1427 de
473 1369 510 1426 ris
538 1384 613 1446 quae
642 1384 695 1426 ova
725 1368 851 1444 gignunt
880 1368 1030 1426 incertum
1061 1373 1116 1446 est,

100 1453 154 1515 sed
179 1453 308 1514 dormire
332 1472 367 1514 ea
390 1462 513 1516 certum.

58 1549 85 1592 1⁵
167 1541 279 1604 Verum
301 1549 331 1602 et
354 1542 390 1602 ad
413 1545 525 1604 insecta
548 1551 742 1604 transeamus

501 1737 714 1746 ——----—-—-

396 1861 433 1934 O.
461 1862 595 1934 PLINI
622 1861 828 1935 suenum

266 1988 597 2078 narnensis
633 1990 951 2078 Hlsronntn

506 2141 640 2208 nunna
661 2141 717 2208 m.

540 2289 700 2297 nau—...⁸—

182 2366 234 2456 (1)
270 2374 394 2437 Restant
422 2380 574 2440 inmensae
601 2379 780 2441 subtilitatis
815 2378 965 2461 animalia,
998 2378 1150 2458 qrrandol

57 2480 89 2522 eo
103 2464 195 2543 aliqui
218 2482 252 2524 ea
275 2483 373 2544 neque
401 2468 513 2545 spirare
541 2477 572 2529 et
599 2471 742 2548 sanguine
771 2469 860 2528 ctiam
888 2486 990 2529 carere
1018 2469 1117 2548 prodi·

102 2553 222 2614 derunt.
270 2549 303 2615 1.
331 2554 423 2616 multa
445 2555 518 2626 haec
541 2565 572 2617 et
593 2558 797 2637 multigenera,
820 2560 1009 2618 terrestrium
1037 2557 1118 2618 volu-

102 2659 248 2721 crumque
271 2645 346 2704 vita:
376 2642 431 2704 alia
453 2641 587 2727 pinnata,
614 2654 648 2707 ut
671 2663 754 2727 apes,
782 2645 836 2705 alia
864 2653 992 2725 utroque
1022 2645 1118 2726 modo,

104 2739 138 2792 ut
160 2731 315 2813 formicae,
340 2731 436 2812 aliqua
459 2741 489 2794 et
511 2736 611 2813 pinnis
635 2744 664 2797 et
687 2734 813 2815 pedibus
837 2737 981 2816 carentia,
1005 2744 1039 2795 ut
1062 2782 1119 2816 ...,

81 2823 169 2882 iure
193 2822 291 2880 onmia
314 2823 428 2883 insecta
451 2823 595 2902 appellata
618 2823 654 2884 ab
677 2825 818 2884 incisuris
842 2841 917 2901 quae
945 2842 1026 2885 nuno
1055 2843 1118 2884 cer·

57 2923 88 2966 ss
103 2911 213 2970 vicium
231 2908 308 2990 loco,
325 2928 405 2997 nunc
423 2919 581 2990 pectorum
599 2921 687 2992 atque
706 2912 771 2994 alvi,
789 2915 959 2992 praecincta
979 2922 1118 2991 separant

178 3116 575 3172 1somniai1tiollr¹s¹
665 3119 899 3174 crosciensem
932 3121 1036 3174 -currs

106 3193 251 3256 equoque
270 3189 340 3242 coni
359 3188 421 3244 Stet.
454 3205 511 3256 que
529 3188 587 3243 lle
660 3189 839 3246 Souinoc
868 3192 1001 3245 autumno
1021 3191 1049 3245 ll.

106 3263 140 3340 Ι15
155 3258 184 3310 et
197 3271 247 3312 om.
261 3261 292 3313 R
309 3260 313 3327 Ι
327 3264 390 3328 post
403 3261 578 3314 transeamus
593 3260 771 3317 addenrllmo
793 3261 865 3316 hooc
878 3278 999 3330 namque
1013 3263 1122 3316 restant

104 3328 248 3383 inmensae
262 3330 426 3385 subtilitatis
441 3330 689 3386 unimodum
705 3339 769 3402 post
781 3333 841 3388 vito
853 3335 962 3388 videttm
975 3334 1121 3387 membrano

103 3402 274 3456 interemisse
292 3402 350 3456 ulie
367 3401 460 3471 pinnis
480 3400 605 3458 carentis
625 3405 659 3456 nt
681 3405 894 3474 scolopendrae,
918 3405 969 3470 cfr.
988 3403 1075 3458 Arist.
1095 3405 1120 3457 a.

105 3473 200 3527 a.IV
209 3478 225 3526 1
240 3473 385 3541 paese,
399 3479 442 3528 17.
534 3479 567 3530 23
588 3475 716 3530 laeenam
733 3493 780 3546 epo
798 3476 938 3542 indieoot3
964 3490 1061 3528 nomen
1078 3475 1122 3527 to·

103 3544 172 3598 secti
189 3543 268 3599 deest.
295 3543 525 3602 otrentum.
554 3547 647 3602 etad.
677 3554 740 3602 ol).
771 3563 821 3602 om
840 3545 903 3600 r1c.
1013 3544 1074 3598 ‘24'
1066 3543 1123 3597 iuri

104 3613 781 3674 r1n1n.crescendum-numne.

161 3707 229 3746 Pom.
242 3713 300 3747 ner.
314 3716 377 3748 rrrsn.
403 3708 435 3750 11.
929 3709 962 3756 14
