2636 3952
393 529 430 604 c.
458 529 591 604 emur
620 529 825 606 suenum
937 506 941 510 ’

266 657 598 747 utrumuis
629 657 952 782 nisuonmn
1032 683 1037 692 ·

512 830 647 896 LIBER
668 831 708 896 X.

528 993 688 1002 Μ

170 1092 203 1160 l.
227 1093 279 1181 (1)
322 1099 464 1179 Sequitur
493 1109 599 1162 natura
628 1103 738 1183 avium,
770 1120 897 1181 quarum
927 1102 1149 1182 grandissimi1

99 1195 130 1247 et
152 1205 247 1267 paene
265 1187 429 1250 bestiarum
446 1193 565 1268 generis
584 1189 808 1252 struthocameli
826 1191 919 1252 dirici
937 1191 983 1252 vel
997 1191 1115 1252 Aethio-

97 1278 159 1356 pici
183 1275 368 1338 altitudinem
392 1280 500 1358 equitis
523 1279 680 1340 insidentis
704 1297 781 1358 equo
802 1281 959 1362 excedunt,
982 1279 1115 1341 celerita-

99 1373 162 1426 tem
180 1367 314 1447 vincunt,
334 1365 851 1448 ambocdfflb-pinnkut
872 1377 1044 1431 currentem
1067 1367 1116 1428 ad-

71 1456 212 1515 ⁵iuvent
257 1461 358 1515 cetero
383 1473 443 1516 non
467 1467 538 1518 sunt
560 1457 710 1540 volucres,
739 1476 795 1518 nec
819 1475 835 1518 a
858 1466 939 1519 terra
961 1456 1116 1519 tolluntur.

100 1543 229 1622 ungrdae
253 1543 300 1603 bis
323 1545 451 1606 cervinis
474 1545 598 1629 similes,
622 1546 731 1626 quibus
753 1546 909 1628 dimicant,
931 1545 1062 1608 bisulcae
1086 1554 1117 1607 et

100 1630 389 1711 comprehendendis
410 1632 561 1714 lapidibus*
580 1636 679 1718 utiles,
702 1653 778 1715 quos
800 1637 832 1696 in
850 1636 920 1715 iuga
943 1643 1047 1696 contra
1070 1653 1115 1695 se-

101 1728 228 1800 quentes
253 1722 394 1800 ingerunt
418 1722 552 1802 pedibus.
607 1725 813 1805 concoquendi
841 1727 904 1786 sine
932 1724 1042 1785 dilectu
1066 1724 1150 1785 dee

100 1817 202 1870 vorata
223 1811 299 1870 mira
322 1818 439 1893 natura,
463 1812 598 1874 sednon
621 1815 720 1875 minus
743 1813 888 1874 stoliditas
911 1816 942 1873 in
965 1820 1047 1874 tanta
1069 1831 1115 1873 re-

58 1910 87 1949 10
100 1897 175 1978 liqui
197 1901 333 1978 corporis
356 1899 524 1982 altitudine,
554 1920 623 1962 oum
652 1901 725 1962 eolla
756 1902 865 1962 frutice
893 1901 1116 1983 occultaverint,

101 1987 194 2048 latere
218 2005 283 2048 sese
304 1989 544 2051 existimantium.
579 1992 710 2070 praemia
729 2009 766 2050 ex
782 1992 819 2051 iis
838 2008 892 2050 ova
914 1998 1039 2069 propter
1056 2008 1115 2050 am·

99 2075 277 2156 plitudinem
300 2076 476 2156 quibusdam
503 2076 603 2139 habita
628 2097 683 2158 pre
711 2081 786 2139 vasis
814 2096 965 2157 conosque
993 2077 1115 2139 bellicos

101 2173 132 2225 et
154 2164 252 2244 galeas
275 2165 454 2228 adornantes
476 2168 593 2246 pinnee.

167 2248 201 2315 2.
225 2247 277 2336 (2)
310 2255 470 2335 Aethiopes
489 2263 578 2334 atque
589 2255 660 2317 ·lndi
683 2255 846 2317 discolores
868 2257 994 2317 maxime
1017 2262 1049 2315 et
1071 2257 1150 2314 ina

58 2355 86 2396 15
101 2341 283 2403 enarrabiles
315 2345 417 2405 ierunt
448 2362 517 2405 ares
548 2353 579 2406 et
608 2353 675 2406 ante
708 2363 812 2406 omnes
847 2344 978 2406 nobilem
1010 2342 1116 2403 Arabia

99 2430 287 2514 phoenicem,
308 2431 387 2494 baud
411 2435 473 2494 scio
496 2451 534 2494 an
552 2433 694 2516 fabulose,
716 2451 809 2495 unum
832 2435 863 2494 in
881 2441 945 2496 toto
964 2432 1035 2495 orbe
1059 2432 1115 2492 nec'

100 2522 198 2581 visum
224 2537 332 2600 magno
354 2539 454 2601 opere.
499 2521 613 2601 aquilae
640 2530 779 2584 narratur
806 2521 1021 2602 magnitudine,
1051 2523 1116 2582 auri

101 2607 216 2688 fulgore
232 2611 312 2682 circa
326 2610 409 2692 colla,
432 2617 533 2671 cetero
551 2629 731 2693 purpureus,
754 2611 920 2674 caeruleam
938 2612 1034 2672 roseis
1047 2628 1115 2670 ceu-

103 2698 171 2758 dcm
184 2699 285 2777 pinnis
303 2697 565 2781 distinguentibus,
588 2702 687 2760 cristis
706 2701 807 2760 lauces
830 2707 978 2780 caputque
996 2698 1115 2779 plumeo

61 2798 87 2838 20
102 2787 185 2865 apice
215 2786 376 2848 honestari.
431 2789 546 2868 primus
575 2792 664 2868 atque
694 2787 918 2868 diligentissime
948 2795 1151 2867 togatorumt

102 2875 138 2935 de
163 2893 199 2935 ee
222 2875 354 2954 prodidit
374 2875 542 2938 Manilius
565 2885 686 2938 senator
707 2875 756 2938 ibe
779 2879 913 2938 maximis
934 2875 1041 2938 nobilis
1064 2875 1115 2935 do-

174 3134 332 3204 bungulne
346 3134 442 3189 biee³¹
471 3135 565 3191 lueis
584 3141 610 3190 d
637 3136 751 3192 deeius
771 3135 863 3206 (ei38)
881 3154 904 3191 r.
921 3139 926 3205 Ι
942 3136 1042 3191 similis
1059 3140 1114 3190 nd.

173 3209 190 3259 8
209 3205 322 3261 delectu
338 3222 364 3260 e.
418 3212 450 3260 11
466 3207 619 3290 praecipue
631 3207 675 3264 ι’.
694 3208 745 3262 del.
759 3207 801 3261 π’.
824 3207 951 3278 proemio
963 3224 1008 3262 ro.
1035 3223 1115 3277 pree·

102 3275 175 3330 mire
191 3275 265 3332 Dect.
382 3283 415 3331 te
434 3278 601 3347 qmbusdam
618 3279 717 3334 habita
733 3295 785 3348 pro
805 3278 882 3333 Poe
909 3294 961 3348 pre
979 3295 1029 3347 qu·
1047 3277 1115 3332 heb·

102 3348 161 3402 lte.
252 3354 287 3403 14
305 3350 425 3404 eilde.
443 3365 493 3410 om.
512 3348 608 3418 ruff).
699 3354 732 3404 1⁶
749 3349 857 3404 brebie
873 3355 904 3403 B.
933 3349 989 3403 -iee
1007 3365 1030 3403 r.

104 3424 136 3472 19
152 3417 256 3475 'foueas
279 3419 364 3478 Scine
401 3420 477 3481 fades
499 3421 584 3475 Feri.
615 3420 703 3476 socies
725 3438 749 3475 r.
839 3427 874 3475 20
891 3419 1036 3474 honestari
1053 3418 1115 3472 sat.

104 3505 162 3544 -ere
179 3491 416 3558 Haedum.
453 3493 530 3546 -anle
555 3497 579 3548 d.
689 3498 722 3546 et
747 3490 879 3546 Manilius
897 3491 970 3546 Detl.
990 3491 1048 3544 celi.
1066 3489 1116 3559 §5

105 3565 129 3614 ei
144 3561 236 3618 iudice
252 3562 325 3618 labri
353 3561 505 3626 roumilliue
523 3564 552 3618 a.
584 3564 634 3630 cfr.
653 3563 840 3618 Momuereuue
857 3577 925 3616 mue.
939 3561 1027 3615 Rhoe.
1046 3560 1120 3610 XVI
