2624 3954
209 160 275 224 244
566 155 594 210 C.
614 154 713 210 PLINI
733 153 890 210 SECUNDI

209 309 325 388 reliquo
348 304 505 386 tempore?
528 309 625 367 animo
649 315 748 368 autem
770 309 918 388 videmus,
942 309 1040 368 animo
1064 311 1225 370 ceruimus.

209 397 289 458 oculi
317 416 372 458 ceu
399 415 467 456 vasa
494 397 638 476 quaedam
666 397 812 458 visibilem
840 399 904 458 eius
931 405 1047 476 partem
1075 399 1243 478 accipiunt,

171 558 175 565 Ι
210 495 298 566 atque
329 488 507 547 tramittunt.
553 487 596 546 sic
624 504 729 565 magna
760 488 898 565 cogitatio
928 494 1067 548 occaecat
1096 486 1225 549 abducto

209 579 290 638 intus
309 577 383 636 visu.
429 576 526 635 sicin
550 574 654 636 morbo
678 575 818 636 comitiali
841 577 939 636 auimo
963 575 1106 656 caligante
1130 580 1226 657 aperti

157 673 208 724 147
219 665 292 726 nibil
316 672 451 726 cernunt.
493 666 565 743 quin
589 672 620 726 et
641 663 812 744 patentibus
835 665 988 725 dormiunt
1009 665 1128 744 lepores
1141 667 1254 727 mul-5

130 752 132 756 ’
209 757 293 834 tique
311 753 474 834 hominum,
493 772 568 833 quos
587 754 798 831 κορυβαντιᾶν
817 753 922 814 Graeci
940 754 1052 815 dieunt.
1084 755 1224 818 tenuibus
1310 829 1311 832 Ἴ

209 843 370 922 multisque
389 841 570 904 membranis
589 861 640 904 eos
660 851 765 904 natura
783 845 959 925 composuit,
983 841 1098 905 callosis
1121 852 1225 904 contra
1310 865 1311 928 t

210 933 321 1011 frigora
345 931 518 1010 caloresque
541 935 573 992 in
601 935 711 996 extimo
739 934 863 1014 tunicis,
891 951 964 1011 quas
993 931 1119 994 subinde
1142 935 1223 1013 puri·

210 1021 279 1082 fioat
296 1021 533 1081 lacrimationum
556 1021 662 1103 saliviS,
685 1019 817 1082 lubricos
840 1029 971 1100 propter
987 1024 1171 1084 incursantia
1194 1030 1225 1084 et

209 1108 343 1171 mobiles
1240 1123 1269 1163 10

159 1205 211 1256 148
280 1193 353 1281 (55)
390 1199 486 1260 Media
515 1217 620 1260 eorum
647 1217 759 1260 cornua
787 1200 960 1260 fenestravit
987 1199 1111 1280 pupilla,
1139 1201 1226 1260 cuius

210 1290 363 1367 angustiae
386 1305 446 1348 nou
470 1290 571 1349 sinunt
594 1291 693 1368 vagari
715 1290 860 1348 incertam
889 1290 982 1348 aciem
1010 1307 1043 1348 ac
1070 1287 1151 1348 velut
1179 1307 1226 1348 ca·

210 1377 269 1437 nali
302 1377 435 1457 dirigunt
467 1375 622 1456 obiterque
655 1373 816 1439 incidentia
849 1377 933 1438 lacile
967 1377 1134 1458 declinant,
1161 1376 1226 1437 aliis

210 1469 300 1547 nigri,
328 1464 393 1526 aliis
416 1467 491 1546 ravi,
521 1466 585 1526 aliis
612 1465 708 1546 glauci
737 1466 845 1527 coloris
873 1464 996 1528 orbibus
1026 1466 1227 1546 circumdatio,

152 1633 154 1636 ι
210 1563 244 1616 nt
272 1553 362 1615 babili
390 1557 518 1615 mixtura
546 1563 576 1616 et
603 1558 765 1636 accipiatur
793 1558 985 1617 circumiecto
1017 1555 1144 1616 candore
1174 1555 1226 1615 lux
1243 1568 1270 1608 1⁶

210 1651 241 1704 et
263 1650 432 1722 temperato
456 1661 636 1722 repercussu
659 1663 720 1704 non
743 1644 904 1724 obstrepat.
949 1645 1082 1724 adeoque
1105 1644 1152 1704 his
1176 1643 1225 1703 ab·

212 1733 306 1793 soluta
325 1734 369 1792 vis
388 1732 502 1811 speculi
520 1741 554 1794 ut
572 1741 632 1794 tarn
650 1752 739 1812 parva
757 1734 805 1794 illa
828 1733 939 1813 pupilla
957 1741 1049 1795 totam
1068 1735 1226 1812 imaginem

209 1820 315 1882 reddat
338 1821 474 1882 hominis.
521 1840 555 1882 ea
579 1841 667 1883 causa
691 1831 737 1882 est
760 1831 793 1883 ut
815 1823 975 1902 pleraeque
999 1823 1102 1883 alitum
1125 1840 1141 1882 e
1165 1839 1224 1880 ma-

212 1910 301 1972 nibus
319 1909 473 1971 hominurn
497 1911 600 1980 oculos
618 1913 807 1991 potissimum
827 1919 975 1992 appetant,
998 1911 1078 1990 quod
1098 1910 1224 1988 effigiem

212 2001 348 2060 suumin
373 2001 409 2060 iis
433 2007 590 2060 cernentes
609 2000 690 2061 volut
713 2000 748 2061 ad
772 2008 896 2079 cognata
919 1999 1065 2060 desideria
1090 2017 1142 2060 sua
1160 2007 1224 2058 teu-
1241 2012 1271 2052 20

157 2089 302 2150 149dunt.
359 2090 491 2149 veterina
521 2096 637 2150 tantum
673 2089 816 2167 quaedam
851 2089 887 2148 ad
921 2091 1104 2150 incrementa
1137 2087 1225 2147 lunae

210 2177 331 2239 morbos
351 2179 492 2238 sentiunt.
530 2178 582 2238 sed
605 2177 693 2237 homo
718 2177 799 2238 solus
823 2179 931 2240 emisso
955 2195 1059 2238 umore
1084 2178 1226 2237 caecitate

210 2266 361 2327 liberatur.
411 2273 480 2345 post
506 2268 701 2328 vicensimum
728 2285 839 2327 annum
866 2266 967 2328 multis
995 2267 1153 2327 restitutus
1181 2273 1228 2326 est
1310 2251 1311 2282 ¹

209 2358 305 2436 visus,
333 2354 509 2434 quibusdam
532 2357 631 2416 statim
654 2354 845 2416 nascentibus
869 2362 993 2434 negatus
1017 2353 1097 2416 nullo
1125 2353 1228 2414 oculo·

209 2462 277 2504 rum
300 2446 380 2523 vitio,
403 2443 505 2504 multis
528 2452 651 2524 repente
676 2443 790 2505 ablatus
814 2443 903 2504 simili
926 2444 1014 2504 modo
1038 2442 1116 2504 nulla
1140 2460 1227 2521 prae·
1243 2457 1270 2497 ss

210 2531 334 2592 cedente
357 2534 473 2592 iniuria.
518 2551 607 2593 venas
631 2531 666 2593 ab
689 2533 737 2592 his
759 2534 909 2612 pertinere
933 2531 968 2592 ad
992 2530 1149 2593 cerebrum
1177 2549 1230 2610 pe·
1310 2543 1311 2554 ¹

210 2621 345 2681 ritisslmi
359 2629 497 2680 artetores
512 2622 640 2682 tradunt.
670 2640 724 2701 ego
744 2630 774 2682 et
788 2621 824 2681 ad
840 2620 1026 2682 stomachum
1039 2620 1229 2682 crediderim.

156 2715 209 2766 150
220 2716 301 2770 certe
321 2709 394 2771 nulli
413 2711 476 2769 sine
498 2709 712 2772 redundatione
733 2713 798 2771 eiras
817 2713 934 2771 eruitur
952 2709 1066 2772 oculus.
1098 2711 1229 2771 moricu-

211 2796 292 2859 tibus
310 2797 376 2858 illos
400 2800 518 2876 operire
535 2817 707 2878 rursusque
730 2801 762 2859 in
785 2817 858 2878 rogo
881 2800 1048 2879 patelacere
1064 2799 1230 2869 Quiritium

209 2905 315 2966 magno
339 2888 400 2947 ritu
428 2905 546 2948 sacrum
574 2895 632 2968 cst,
661 2889 702 2948 ita
732 2906 815 2947 more
846 2887 966 2948 condito
996 2894 1030 2948 ut
1061 2905 1159 2965 neque
1190 2885 1228 2946 ab
1243 2905 1272 2943 so

209 2975 329 3036 homine
349 2993 523 3054 supremum
542 2994 593 3036 eos
613 2978 741 3054 spectari
761 2976 804 3036 las
824 2978 862 3036 sit
881 2984 911 3036 et
930 2975 1011 3036 eaelo
1030 2994 1090 3036 non
1110 2975 1230 3036 ostendi

210 3065 303 3126 nefas.
353 3065 405 3125 uni
434 3063 603 3124 animalium
630 3065 743 3124 homiui
771 3063 983 3144 depravantur,
1011 3063 1091 3124 unde
1119 3081 1229 3142 coguo-

282 3297 298 3343 6
321 3288 505 3358 eorybantian
523 3289 582 3343 edd.
596 3293 657 3342 cett.
690 3286 742 3350 tia
759 3292 790 3339 B.
823 3287 905 3342 -tiere
923 3305 946 3341 r.
977 3289 981 3355 l
1010 3287 1158 3358 grodicunt
1175 3291 1230 3341 nd.

210 3359 305 3413 diunt
321 3377 346 3416 c.
433 3364 467 3413 14
485 3359 547 3414 rani
563 3358 696 3414 R²Hard
730 3357 809 3412 oraui
826 3359 920 3413 nava.
952 3375 986 3412 ae
1004 3359 1067 3414 rani
1085 3376 1108 3414 c.
1133 3357 1139 3428 Ι
1163 3358 1231 3412 aliis

210 3436 262 3488 Rc.
288 3431 355 3484 talis
373 3447 396 3486 r.
471 3437 515 3486 16·
528 3433 557 3484 eb
573 3431 731 3500 temperato
749 3446 773 3485 c.
800 3431 989 3500 extempereto
1009 3431 1036 3484 ll.
1111 3433 1144 3482 18
1168 3428 1232 3498 ple-

210 3517 314 3568 raeque
328 3505 372 3557 do.
393 3499 483 3570 -rique
496 3519 519 3560 r.
574 3507 608 3554 21
622 3501 796 3556 incrementa
809 3500 913 3556 Biedd.
923 3505 988 3556 ante
996 3500 1088 3556 Hard.
1107 3516 1195 3554 crem·
1206 3517 1231 3556 r.

297 3578 330 3626 26
349 3587 435 3626 uenas
453 3571 594 3628 RedGcl.
628 3589 677 3626 -ne
694 3578 724 3627 D.
758 3590 835 3628 -nam
854 3572 1035 3628 cdcddoute
1044 3571 1102 3628 det.
1194 3577 1232 3626 30

211 3656 317 3709 magno
336 3641 373 3694 12²
383 3643 442 3698 cdd.
454 3649 517 3698 acte
526 3644 618 3698 Hord.
642 3659 692 3698 om.
707 3662 731 3698 r.
803 3650 836 3699 32
857 3638 895 3700 aa
912 3643 986 3698 unde
1005 3642 1080 3713 apud
1098 3642 1232 3712 priscos?
1310 3699 1311 3724 ,
