2620 3948
203 149 246 211 54
550 143 578 198 C.
597 143 698 198 PLINI
716 143 874 201 suenum

149 307 183 354 36
267 289 322 356 14.
346 288 421 376 (14)
447 292 696 371 Megasthenes
720 292 824 354 scribit
847 296 878 353 in
901 291 983 353 India
1007 300 1161 371 serpentes
1185 293 1218 352 in

201 390 313 444 tautam
335 382 568 462 magnitudinem
587 381 756 442 adolescere
775 390 809 443 ut
828 381 938 443 solidos
955 381 1094 442 hauriant
1113 397 1217 442 cervos

201 481 372 553 taurosque,
390 470 616 531 Metrodorus
635 473 715 531 circa
728 471 921 550 Rhyndacum
940 489 1057 531 amnem
1074 470 1217 530 inPonto

201 560 424 639 supervolantes
447 561 580 639 quamvis
608 560 665 620 alte
688 563 910 640 perniciterque
938 561 1023 620 alites
1050 567 1085 620 ut
1107 559 1217 620 haustu

148 661 181 709 37
201 656 300 727 raptas
327 648 513 710 absorbeant.
559 657 629 710 nota
656 657 702 709 est
729 651 760 709 in
783 649 905 710 Punicis
931 649 1018 709 hellis
1046 647 1081 708 ad
1104 648 1245 708 humens

200 736 363 816 Bagradam
390 757 407 797 a
434 738 547 816 Regulo
578 741 757 818 imperatore
784 737 909 798 hallistis
937 739 1153 816 tormentisque
1182 743 1218 797 ut

201 827 343 906 oppidum
370 827 488 905 aliquod
517 834 683 906 expugnata
710 823 834 906 serpens
858 839 929 888 cxx
956 827 1067 906 pedum
1089 825 1217 904 longitu-

202 915 286 976 dinis,
314 915 401 995 pellis
421 918 485 976 eius
503 916 696 994 maxillaeque
714 933 811 994 usque
829 915 866 975 ad
879 915 990 976 hellum
1004 915 1218 975 Numantinum

202 1004 345 1066 duravere
364 1005 474 1064 Romae
498 1003 666 1083 intemplo.
695 1005 809 1064 iaciunt
830 1004 876 1064 his
900 1004 989 1064 fidem
1011 1007 1043 1064 iu
1061 1002 1144 1064 ltalia
1168 1021 1217 1082 ap·

201 1092 325 1172 pellatae
353 1092 445 1154 hovae
472 1097 503 1153 in
530 1100 644 1154 tantam
671 1092 895 1172 amplitudinem
923 1100 1066 1154 exeuntes
1093 1099 1127 1152 ut
1150 1091 1218 1151 divo
1233 1109 1260 1149 ro

201 1181 324 1242 Claudio
347 1184 481 1262 princ'qte
510 1184 624 1242 occisae
646 1183 679 1242 in
701 1181 841 1241 Vaticano
870 1181 982 1242 solidus
1009 1184 1041 1241 in
1063 1179 1127 1240 alvo
1151 1199 1217 1260 spe·

202 1278 299 1336 ctatus
323 1275 363 1331 stt
384 1272 489 1331 inians.
531 1268 651 1330 aluntur
673 1271 770 1348 primo
793 1269 899 1331 huhuh
920 1271 1005 1330 lactis
1029 1287 1114 1352 suco,
1136 1269 1217 1330 undo

167 1399 169 1405 s
201 1377 311 1418 nomen
333 1366 460 1418 traxere.
498 1393 502 1400 ·

148 1458 182 1505 38
271 1441 328 1508 lh.
353 1441 427 1528 (15)
460 1446 635 1507 Ceterorum
659 1447 841 1530 animalium,
865 1465 940 1526 quae
964 1447 1051 1506 modo
1075 1454 1219 1506 convecta

201 1535 332 1614 undique
364 1534 476 1596 ltaliam
508 1537 660 1614 contigere
694 1539 825 1617 saepiuS‚
861 1537 970 1596 formas
1007 1534 1079 1595 nihil
1111 1537 1219 1595 attinet
1232 1553 1258 1594 15

202 1623 376 1701 scrupulose
404 1625 528 1684 referre.
573 1627 751 1703 paucissima
775 1625 895 1704 Scythia
917 1626 1011 1703 gignit
1033 1625 1132 1702 inopia
1155 1624 1217 1684 iru-

201 1714 307 1792 ticum,
338 1729 432 1790 pauca
465 1715 650 1773 contermina
681 1713 725 1773 illi
756 1713 924 1794 Germania,
960 1715 1085 1792 insignia
1117 1719 1217 1772 tamen

201 1799 293 1861 houm
313 1800 446 1861 lerorum
464 1820 586 1883 genera,
609 1800 726 1862 iubatos
745 1801 878 1864 bisontes
901 1801 1116 1880 excellentique
1141 1808 1171 1860 et
1188 1803 1218 1860 vi

202 1896 232 1948 et
261 1887 415 1950 velocitate
448 1909 535 1971 uros,
571 1890 681 1969 quibus
712 1893 874 1971 inperitum
904 1890 1010 1970 vulgus
1039 1888 1218 1950 bubalorum

202 1995 311 2037 nomen
338 1980 465 2060 inponit,
496 1994 565 2039 cum
592 1979 622 2040 id
645 1983 746 2059 gignat
768 1980 866 2040 Africa
888 1979 973 2040 vituli
999 1981 1100 2060 potius
1123 1981 1216 2039 eervi-
1231 1997 1259 2037 ro

148 2077 182 2125 39
202 2084 261 2145 que
280 2067 406 2145 quadam
425 2067 626 2129 similitudine.
663 2062 738 2151 (16)
757 2070 921 2147 septentrio
939 2067 999 2128 fert
1022 2076 1052 2129 et
1069 2086 1217 2148 equorum

202 2173 307 2234 greges
330 2156 476 2238 ferorum,
506 2160 584 2218 sicut
607 2158 757 2218 asinorum
781 2157 848 2217 Asia
872 2164 902 2216 et
924 2157 1034 2237 Alrica,
1062 2165 1217 2237 praeterea

201 2243 286 2304 alcen
312 2245 446 2305 iumento
474 2245 614 2326 similem,
644 2248 675 2306 ni
701 2248 867 2325 proceritas
895 2247 1012 2306 aurium
1039 2252 1069 2305 ct
1093 2247 1217 2306 cervicis

202 2333 376 2414 distinguat3
407 2336 480 2394 item
503 2342 602 2395 natam
624 2337 656 2394 in
680 2335 851 2396 Scadinavia
873 2333 969 2408 insula
997 2352 1053 2393 nec
1075 2352 1218 2412 umquam

84 2461 88 2468 -
201 2423 293 2482 visam
321 2424 352 2481 in
379 2421 434 2482 hac
462 2422 551 2506 urhe,
584 2423 684 2484 multis
710 2431 810 2484 tamen
838 2429 987 2483 narratam
1015 2422 1113 2482 achhn
1139 2423 1218 2483 haud
1232 2439 1259 2479 as

202 2509 375 2571 dissimilem
397 2510 453 2591 illi,
483 2511 535 2571 sed
558 2511 639 2573 nullo
667 2513 861 2592 suffraginum
883 2511 976 2592 flexu,
1006 2512 1133 2590 ideoque
1157 2530 1217 2571 non

202 2597 372 2680 cubantem,
397 2599 449 2660 sed
470 2601 614 2660 acclinem
635 2599 734 2661 arbori
756 2604 925 2682 insomne,
949 2619 1042 2679 eaque
1065 2602 1159 2660 incisa
1181 2599 1217 2658 ad
1301 2639 1302 2642 =

202 2688 323 2748 insidias
347 2690 425 2768 capi,
456 2687 527 2748 alias
554 2689 718 2750 velocitatis
745 2697 933 2749 memoratae.
978 2688 1094 2749 lahrum
1117 2691 1145 2748 ei
1169 2707 1216 2750 su·
1301 2701 1302 2766 p

273 2917 289 2965 3
307 2911 476 2982 sslindacum
494 2911 538 2965 ΕΙ.
565 2912 600 2966 si·
619 2917 643 2966 d.
668 2913 793 2967 indicum
810 2912 855 2966 12².
912 2915 979 2966 tut
997 2913 1068 2967 Detl.
1091 2928 1142 2968 om.
1161 2911 1190 2966 ll.
1211 2912 1216 2983 Ι

184 2983 284 3036 alites
302 2983 406 3036 haustu
423 2982 588 3038 sumum.
612 2983 693 3038 alites
711 2984 828 3038 haustus
846 2983 890 3037 2².
915 2983 969 3056 alig
989 2985 1038 3038 auh
1056 2983 1159 3037 stultus
1171 2983 1216 3036 12¹.

203 3054 276 3108 aliae
294 3053 411 3108 haustus
430 3071 452 3108 r.
539 3057 671 3124 draptes
689 3055 787 3110 r²a²d
815 3055 946 3124 abreptas
964 3060 995 3108 B.
1022 3057 1105 3124 rapha
1122 3073 1146 3108 r.

205 3131 237 3178 10
255 3125 327 3180 boae
345 3125 389 3178 Bi.
412 3127 480 3180 boos
499 3130 523 3179 d.
597 3132 630 3179 12
650 3125 687 3179 sit
703 3143 727 3180 v.
754 3129 798 3180 eet
815 3127 843 3180 ll.
864 3129 868 3195 Ι
888 3125 979 3195 primo
997 3126 1039 3180 1²².
1063 3127 1114 3193 cfr.
1129 3126 1217 3180 Solia.

203 3201 232 3261 2,
242 3200 287 3250 33.
316 3197 400 3250 trimo
425 3214 448 3251 r.
478 3198 482 3264 Ι
511 3196 608 3250 bubali
631 3214 655 3250 ι.
687 3196 778 3252 bubili
799 3196 841 3249 ΕΙ.
932 3202 965 3251 15
989 3197 1102 3251 Italiam
1124 3197 1216 3251 Hasd.

203 3266 255 3320 -lia
273 3268 307 3320 u·
331 3269 336 3335 l
366 3267 527 3337 contingere
545 3273 622 3321 Dra.
714 3273 805 3321 18.19
825 3267 900 3322 etni
919 3268 1041 3322 ΜΨ.
1069 3268 1100 3322 ui
1116 3270 1217 3323 elliu.
1301 3263 1302 3282 ¹

204 3338 234 3388 et
250 3336 329 3391 uictu
345 3345 375 3391 1).
404 3340 435 3392 et
450 3339 514 3411 uissl
528 3338 604 3392 1¹2¹.
696 3345 729 3393 19
752 3355 818 3393 uros
836 3355 861 3392 c,
887 3341 937 3406 cfr.
956 3339 1044 3394 Solio.
1064 3345 1111 3406 20,
1122 3345 1148 3394 5.
1175 3339 1218 3393 ni·

204 3422 249 3459 soa
267 3409 295 3460 u.
380 3414 423 3462 20.
439 3415 471 3462 21
492 3410 621 3477 cervique
640 3409 725 3464 Salon.
754 3411 808 3464 -ico
827 3427 851 3464 a.
879 3410 951 3465 -icae
969 3410 1012 3465 ri.
1040 3410 1149 3480 —iceque
1167 3415 1217 3464 dr.

203 3475 331 3544 -icequee
349 3484 379 3531 n.
409 3481 553 3548 ·iceequae
571 3481 640 3534 2¹2.
718 3487 752 3535 23
771 3481 886 3536 inuento
903 3483 948 3536 2¹.
976 3499 1076 3537 -uenco
1093 3482 1138 3536 Ρ.
1166 3483 1218 3550 cfr.

204 3546 291 3600 Solia.
310 3554 358 3614 20,
368 3555 394 3602 6.
458 3557 493 3604 24
511 3551 670 3606 stadineuia
686 3558 718 3606 B.
747 3553 844 3607 ecand-
863 3557 909 3607 dc.
973 3558 1007 3608 25
1026 3554 1081 3608 hoe
1098 3555 1168 3610 urbe
1186 3560 1218 3608 D.

203 3616 257 3669 hoc
276 3618 342 3670 orbe
361 3619 436 3673 Fini.
509 3627 544 3676 26
563 3622 613 3676 aed
629 3628 661 3677 B.
690 3626 759 3678 eir,
