2588 3956
208 158 251 222 66
556 156 584 212 O.
603 155 702 212 PLINI
722 155 880 220 saeuum

208 310 335 387 surrupia
363 309 554 387 piscatusque
584 304 702 366 alebant
731 305 898 384 quibusque
926 307 1057 388 vivaria,
1083 316 1248 389 armenta,

209 399 347 477 alvearia,
370 397 515 475 piscinae,
538 395 646 454 aviaria
668 396 699 454 in
721 413 795 455 cura
817 402 914 475 erant,
941 413 978 454 ne
1002 395 1075 474 quid
1098 415 1247 476 usquam

209 487 343 564 genitum
367 487 557 562 ignoraretur
584 483 620 544 ab
643 502 688 543 eo.
734 501 809 562 quos
831 484 1055 563 percunctando
1079 487 1245 565 quinqua-

209 577 289 653 ginta
308 573 401 634 ferme
421 571 569 634 volumina
592 572 640 634 illa
658 572 809 651 praeclara
831 573 868 634 de
887 571 1063 634 animalibus
1083 573 1245 634 condidit.

210 680 285 742 quae
315 681 332 722 a
359 680 407 722 me
434 660 558 722 collecta
584 663 616 722 in
643 669 741 722 artum
771 677 840 722 cum
866 663 903 722 iis
933 680 1009 740 quae
1036 664 1271 740 ignoraverats

210 769 320 830 quaeso
350 758 385 812 ut
412 750 546 828 legentes
576 749 647 810 boni
677 749 846 830 consulant,
881 752 911 812 in
942 752 1091 812 universis
1120 769 1244 812 rerum

209 847 332 901 naturae
356 838 497 918 operibus
526 838 682 917 medioque
711 837 867 900 clarissimi
889 857 994 918 regum
1017 841 1154 900 omnium
1184 839 1242 900 de·

155 940 190 990 45
210 929 319 989 siderio
343 947 415 990 cura
438 935 540 988 nostra
562 926 693 988 breviter
715 929 948 1005 peregrinantes.
988 930 1015 988 is
1038 946 1110 1007 ergo
1134 928 1243 988 tradit

208 1019 341 1079 leaenam
363 1020 459 1097 primo
483 1018 546 1078 letu
566 1033 672 1096 parere
696 1017 827 1094 quinque
852 1016 973 1098 candos,
996 1035 1030 1077 ac
1052 1035 1107 1096 per
1130 1035 1242 1078 annos

210 1106 341 1186 singulos
364 1125 425 1168 ono
448 1108 560 1186 minus,
587 1104 623 1168 ab
647 1121 707 1164 uno
731 1103 926 1166 sterilescere.
971 1105 1114 1166 informes
1138 1108 1239 1166 mini-
1254 1125 1281 1164 ro

209 1214 331 1274 masque
360 1213 465 1256 carnes
491 1193 692 1273 magnitudine
720 1193 925 1255 mustellarum
949 1211 1019 1271 esse
1046 1196 1145 1276 initio,
1185 1213 1239 1254 se-

210 1292 359 1346 menstres
386 1287 433 1344 vir
461 1283 578 1362 ingredi
604 1300 707 1362 posse,
737 1300 792 1344 nee
819 1284 877 1342 nisi
899 1282 1079 1344 bimenstres
1100 1286 1237 1363 moveri,

210 1376 241 1434 in
259 1373 379 1454 Europa
398 1379 497 1434 autem
515 1373 593 1434 inter
607 1369 769 1430 Acheloum
787 1378 901 1432 tanturn
916 1370 1103 1451 Mestumque
1122 1391 1238 1432 amnes

209 1462 311 1522 leones
330 1480 406 1542 esse,
424 1461 476 1522 sed
494 1459 580 1539 longe
598 1458 712 1520 viribus
730 1461 961 1538 praestantiores
980 1462 1017 1520 iis
1036 1479 1112 1539 quos
1125 1461 1236 1522 Africa

209 1561 261 1610 aut
284 1551 368 1629 Syria
390 1551 520 1628 gignant.
756 1577 761 1584 ·
1250 1567 1276 1606 15

156 1652 191 1700 46
277 1631 351 1719 (18)
375 1636 508 1697 Leonum
526 1636 585 1697 duo
604 1654 726 1717 genera,
750 1637 923 1716 compactile
943 1645 973 1698 et
990 1636 1080 1698 breve
1100 1641 1232 1719 crispio-

209 1726 294 1788 ribus
316 1721 402 1786 iubis.
444 1725 498 1785 hos
521 1725 686 1804 pavidiores
710 1743 775 1787 esse
800 1743 888 1804 quam
910 1726 1014 1804 longos
1037 1726 1232 1806 simplicique

209 1814 287 1874 villo.
333 1831 384 1873 eos
412 1821 632 1893 contemptores
656 1813 820 1875 vulnerum.
865 1817 983 1876 urinam
1009 1834 1106 1876 mares
1134 1833 1231 1876 crure

158 1935 160 1939 ι
211 1901 325 1964 sublato
358 1901 483 1963 reddere
513 1910 548 1962 ut
577 1899 673 1964 canes'.
723 1921 843 1982 gravem
872 1904 1008 1986 odorem,
1038 1923 1095 1965 nee
1124 1907 1231 1966 minus

140 2051 145 2060 ,
210 1991 342 2052 halitum.
385 2009 469 2052 raros
492 1993 524 2052 in
546 2000 619 2070 potu
641 1994 722 2054 vesci
744 1991 865 2052 alternis
888 1991 1006 2074 diebus,
1029 2012 1046 2053 a
1068 1995 1230 2054 saturitate
1243 2009 1270 2048 so

209 2083 330 2141 interim
357 2080 457 2141 triduo
487 2079 561 2142 cibis
589 2099 700 2142 carere.
751 2099 825 2158 quae
853 2083 968 2160 possint
999 2084 1030 2142 in
1058 2082 1229 2144 mandendo
1287 2129 1288 2132 ,

211 2170 303 2230 solida
326 2170 481 2250 devorare,
512 2188 568 2230 nee
592 2171 725 2248 capiente
749 2170 917 2231 aviditatem
940 2169 1003 2230 alvo
1027 2173 1172 2232 coniectis
1194 2173 1229 2232 in
1287 2165 1288 2231 l

211 2260 311 2320 lauces
334 2257 484 2338 unguibus
508 2258 677 2339 extrahere,
708 2266 758 2318 aut
781 2261 807 2319 si
830 2259 1002 2338 fugiendum
1029 2262 1060 2320 in
1088 2261 1228 2321 satietate

157 2359 192 2407 47
211 2347 347 2408 habeant.
392 2349 481 2407 vitam
504 2348 541 2407 iis
564 2346 681 2424 longam
705 2346 792 2408 docet
816 2355 1003 2429 argumento,
1033 2348 1112 2427 quod
1134 2348 1227 2427 pleri·
1286 2407 1287 2428 ,

211 2455 269 2514 que
302 2434 441 2497 dentibus
478 2435 587 2496 desecti
618 2438 815 2514 reperiantur.
869 2435 1038 2516 Polybius
1069 2437 1227 2498 Aemiliani
1241 2449 1287 2502 aer

211 2542 311 2586 comes
333 2527 365 2585 in
389 2531 508 2585 senecta
530 2524 681 2584 hominem
704 2523 740 2584 ab
763 2525 810 2584 his
833 2526 931 2604 adpeti
953 2526 1059 2606 refert,
1084 2528 1226 2604 quoniam

210 2613 247 2674 ad
265 2612 487 2692 persequendas
506 2614 584 2674 seras
608 2614 687 2672 vires
709 2631 770 2674 non
793 2620 959 2693 suppetant.
992 2621 1063 2674 tunc
1087 2613 1224 2674 obsidere
1285 2657 1286 2668 ,

210 2701 326 2762 Africae
349 2701 453 2782 urbes,
477 2719 569 2780 eaque
593 2700 630 2762 de
654 2719 742 2762 eausa
765 2704 848 2762 cnaei
871 2703 944 2763 fixos
967 2702 1075 2763 vidisse
1099 2721 1130 2763 se
1155 2721 1224 2764 curn

283 2996 420 3065 laueupi
436 2995 516 3048 12¹(st
545 2996 663 3066 aucupio
681 2995 761 3050 ΒΨ.
788 2998 791 3065 l
815 2997 980 3065 placataque
998 3002 1023 3052 d.
1076 2998 1222 3052 aedua-
1284 3007 1285 3047 l

211 3067 253 3122 ria
275 3067 341 3120 Rd¹.
367 3065 491 3121 alvearia
508 3083 531 3120 r.
604 3066 730 3120 Siredit
751 3083 801 3122 om.
824 3072 856 3120 B.
929 3073 945 3121 9
969 3085 1007 3122 oo
1029 3069 1152 3137 quinos?

213 3145 246 3193 10
276 3138 380 3206 singuli
407 3137 503 3190 EM.
541 3139 546 3206 Ι
583 3154 640 3192 uno
664 3155 688 3192 o.
716 3154 767 3192 om.
786 3139 813 3191 ll.
845 3139 896 3204 cfr.
915 3139 1002 3192 Arist.
1021 3141 1046 3195 b.
1065 3158 1111 3194 oar.
1131 3144 1174 3192 VI
1188 3146 1220 3196 31
1283 3159 1284 3174 ¹

206 3227 238 3280 p.
249 3209 345 3275 57913,
358 3214 403 3264 10.
460 3214 509 3262 .12
529 3208 611 3262 crede
629 3208 673 3262 3¹.
701 3208 784 3264 credo
802 3208 847 3263 P.
874 3209 983 3280 ingredi
1001 3229 1045 3265 ro.
1115 3217 1147 3265 13
1166 3228 1222 3265 me·

211 3282 339 3348 stumque
358 3279 394 3332 dl.
422 3278 583 3332 maest-1².
610 3281 685 3333 uest·
702 3284 733 3332 B.
763 3281 816 3334 est
835 3279 872 3335 (1¹.
901 3281 973 3334 aest
991 3298 1014 3335 r.
1091 3289 1125 3337 16
1149 3299 1221 3338 com·

210 3351 318 3422 paccile
337 3354 367 3403 B.
442 3356 473 3404 17
493 3349 592 3420 longos
610 3350 677 3404 Dal.
695 3351 728 3404 ic
745 3351 876 3420 margine.
902 3369 950 3421 ·go
969 3353 997 3408 ll.
1023 3354 1073 3419 cfr.
1091 3355 1177 3408 Arist.
1196 3355 1220 3408 1.
1282 3369 1283 3410 3

211 3439 237 3476 o.
252 3423 299 3474 IX
310 3425 346 3474 44
360 3421 554 3489 16291134.
580 3420 668 3475 Solio.
687 3426 788 3486 27,13.
862 3427 895 3476 18
915 3439 995 3478 crure
1012 3423 1122 3478 ΡΝ,
1149 3441 1221 3479 seru·

210 3495 272 3546 tare
291 3492 327 3545 (1¹.
354 3493 464 3546 emtore
482 3509 505 3546 r.
577 3497 611 3546 22
631 3492 746 3546 coiectis
763 3497 794 3546 B.
867 3499 900 3548 23
920 3495 1079 3550 sotietatem
1097 3501 1151 3549 31.

211 3569 246 3618 14
264 3563 370 3618 habeat
385 3567 439 3616 nd.
522 3567 556 3617 25
575 3563 678 3618 defecti
695 3562 770 3617 1²2².
799 3563 857 3620 -fici
874 3565 918 3618 El.
947 3566 1041 3620 dicere
1060 3572 1109 3620 dr.
1138 3566 1221 3622 efficit

210 3634 252 3687 1³¹.
281 3634 375 3689 deficit
392 3652 416 3690 r.
489 3638 522 3688 28
542 3633 645 3688 africae
664 3634 740 3688 1²2².
768 3651 814 3690 -ea
831 3653 854 3691 r.
1134 3681 1136 3687 s
