2612 3962
392 127 476 182 NAT.
495 125 589 180 Hiar.
608 127 672 182 xiv
692 134 725 184 aa
746 129 800 198 (aa)
1043 127 1109 192 375

88 280 137 342 alii
157 278 308 358 Orestion,
328 277 377 338 alii
395 279 557 338 nectariam
575 284 690 359 vocant,
713 276 812 338 radice
831 277 973 356 ponderis
992 275 1018 338 ll
1036 292 1057 338 n
1078 279 1109 339 in

87 371 236 430 sextarios
259 385 312 428 sex
335 369 426 428 musti
449 365 547 428 addita
570 365 707 426 similiter
729 367 761 427 in
783 365 885 427 linteo.
931 385 967 426 ex
991 368 1099 428 ceteris
1111 373 1162 424 109

86 456 192 518 herbis
215 457 249 517 fit
272 455 448 518 absinthites
470 457 501 516 in
525 469 571 522 XL
597 456 733 516 sextariis
762 457 853 517 musti
881 454 1010 517 absinthi
1033 456 1108 516 Pon·

86 548 140 607 tici
164 545 241 608 libra
263 545 387 606 decocta
415 544 451 606 ad
475 547 578 606 tertias
605 551 706 624 partes
729 542 776 604 rel
803 547 901 624 scopis
925 543 1055 606 absinthi
1078 547 1109 604 in

50 649 68 689 5
89 637 195 696 vinum
213 633 328 705 additis.
365 633 501 695 similiter
520 632 688 713 hyssopites
707 651 723 692 e
743 631 846 694 Cilicio
864 632 992 714 hyssopo
1012 636 1110 696 unciis

86 723 188 786 tribus
210 726 242 784 in
266 723 341 786 duos
365 725 486 802 congios
509 724 601 786 musti
624 724 747 782 coiectis
771 729 822 783 aut
844 724 921 784 tusis
944 725 975 784 in
999 725 1109 784 vinum.

84 814 165 874 fiunt
184 820 311 892 utraque
329 820 361 873 et
379 811 436 872 alio
455 811 552 892 modo,
576 813 656 872 circa
678 810 794 872 radices
817 812 923 872 vitium
945 819 1017 872 sato.
1055 815 1099 874 sic
1111 817 1161 868 110

86 911 118 962 et
142 900 318 962 elleboriten
340 901 406 962 fieri
429 918 467 960 ex
490 907 608 962 veratro
636 902 722 979 nigro
747 899 831 961 Cato
860 899 956 962 docet.
1002 903 1045 962 sic
1077 902 1111 962 iit

86 998 117 1052 et
142 991 367 1071 scammonites,
396 990 472 1050 mira
494 991 599 1050 vitium
622 996 728 1050 natura
756 1007 893 1068 saporem
921 989 1050 1051 alienum
1077 991 1110 1050 in

39 1095 70 1134 ro
86 1099 119 1140 se
153 1079 303 1160 trahendi,
336 1096 427 1158 quare
463 1087 493 1140 et
523 1076 644 1140 salicem
673 1076 810 1140 redolent
827 1077 1048 1139 ‚Patavinorum
1078 1081 1110 1139 in

84 1167 273 1249 palustribus
296 1167 469 1232 vindemiae.
515 1168 558 1228 sic
582 1174 612 1229 et
635 1165 799 1228 elleborum
823 1169 934 1252 seritur
957 1169 987 1227 in
1012 1167 1109 1228 Thaso

85 1266 140 1320 aut
162 1259 298 1318 cucumis
321 1256 456 1318 silvester
480 1262 532 1316 aut
554 1258 747 1336 scammonia,
770 1255 850 1335 quod
878 1258 979 1316 vinum
1001 1257 1108 1335 phtho-

84 1348 168 1408 rium
191 1352 322 1426 vocatnr,
345 1347 486 1425 quoniam
509 1343 632 1406 abortus
655 1345 734 1405 iacit.

155 1430 219 1513 <6>
242 1433 290 1495 Fit
313 1443 403 1495 etex
426 1432 541 1514 herbis,
572 1450 699 1512 quarum
722 1441 845 1494 naturae
877 1452 931 1494 suo
959 1432 1025 1494 loco
1054 1433 1096 1494 di·
1109 1441 1159 1490 111

41 1537 69 1578 1⁵
85 1532 210 1586 centur:
234 1541 250 1583 e
273 1523 432 1584 stoechade
456 1530 487 1583 et
508 1521 609 1584 radice
633 1523 788 1601 gentianae
812 1529 842 1584 et
865 1524 1054 1602 tragorigano
1079 1530 1109 1584 et

85 1613 249 1693 dictamno,
272 1629 366 1692 asaro,
390 1612 493 1692 dauco,
517 1610 707 1692 elelisphaco,
727 1629 849 1692 panace,
873 1629 974 1693 acoro,
998 1611 1108 1692 thymo,

84 1701 297 1782 mandragora,
326 1703 424 1763 iunco.
470 1708 615 1761 vocarunt
643 1707 673 1760 et
702 1702 853 1780 scyzinum
881 1709 912 1760 et
938 1701 1109 1762 itaeomelin

85 1799 118 1851 et
141 1789 378 1870 lectisphagiten,
402 1807 531 1868 quorum
553 1790 612 1848 iam
635 1788 804 1850 oblitterata
827 1791 903 1849 ratio
927 1798 981 1850 est.

156 1873 220 1957 <7>
244 1877 268 1938 Ε
287 1879 431 1939 fruticum
450 1896 520 1939 vero
543 1895 654 1956 genere
679 1877 761 1938 cedri
785 1879 952 1958 utriusque,
975 1885 1159 1957 copres-112

42 1981 70 2022 20
86 1987 151 2050 sus,
174 1967 287 2048 laurus,
310 1968 442 2047 iunipiri,
465 1964 634 2046 terebinthi,
659 1965 780 2047 calami,
802 1964 921 2026 lentisci
944 1965 1033 2028 bacae
1058 1975 1109 2028 aut

85 2115 304 2125 ...ma-...-

162 2191 248 2247 latii
266 2189 389 2246 orestion
401 2189 543 2244 nassau
572 2188 624 2244 alit
638 2189 773 2244 orestinm
787 2207 808 2242 c.
837 2187 971 2244 orestium
989 2208 1013 2244 a.
1042 2189 1089 2244 -st‘

84 2264 149 2319 edd.
159 2262 319 2318 anteBarb.
343 2264 372 2316 et
386 2260 531 2316 horestion
543 2261 631 2316 Barla.
648 2261 652 2329 Ι
668 2260 730 2314 XL
749 2266 784 2314 n.
809 2278 847 2314 an
860 2259 931 2314 HL?
954 2260 1005 2328 cfr.
1015 2260 1109 2316 Diosc.

90 2339 119 2386 V
124 2338 172 2389 49.
192 2333 281 2402 (Plio.
299 2335 361 2386 XII
365 2337 401 2388 49
413 2350 442 2402 p.
452 2337 518 2400 291,
528 2334 584 2401 16).
670 2337 687 2386 b
711 2331 839 2387 ecilicio
857 2331 976 2395 llerb.
1009 2331 1110 2387 elicio

83 2410 141 2458 nd.
171 2421 185 2460 e
205 2404 290 2473 Lycio
309 2403 538 2460 adduntcBarb.
572 2401 669 2458 salicia
688 2421 713 2458 ι.
737 2418 787 2458 orn.
803 2421 824 2456 ο.
851 2405 855 2472 Ι
879 2403 1002 2473 hyssopo
1021 2419 1071 2458 om.
1087 2421 1110 2458 a.

162 2483 284 2530 dunum
301 2475 429 2530 d¹Hard.
520 2477 536 2527 8
559 2475 671 2529 ueratro
690 2479 747 2530 lie.
775 2476 871 2530 aerato
889 2481 920 2528 lt.
950 2491 990 2528 er·
1009 2492 1033 2529 r.

162 2553 178 2600 9
192 2562 260 2600 nera
273 2551 308 2600 Ι.
325 2545 330 2618 l
346 2545 432 2600 alieni
444 2551 480 2599 Ι.
536 2549 569 2599 10
583 2561 669 2614 quare
682 2549 718 2600 Ι.
743 2545 856 2613 qualem
869 2562 914 2600 ro.
931 2547 935 2614 1
953 2545 1061 2600 silicem
1074 2551 1109 2601 Ι.

84 2617 210 2674 salicum
227 2617 287 2672 edd.
298 2623 362 2672 ante
371 2617 485 2671 lunula.
586 2621 676 2672 1213
699 2615 864 2687 phthorium
883 2617 960 2672 codd.
970 2616 1058 2672 Burb.
1069 2617 1108 2672 ed.

83 2689 149 2744 (sea.
181 2688 263 2759 ptho·
285 2693 343 2743 ln.
375 2688 448 2743 itho-
471 2693 521 2741 Do.
554 2685 607 2742 ito-
630 2705 655 2740 a.
688 2687 884 2746 ectromatium
907 2687 1109 2742 edd.anthel.

162 2765 197 2814 14
215 2762 245 2814 et
262 2775 311 2816 om.
326 2765 362 2813 Ι.
472 2763 505 2812 15
529 2773 544 2812 e
568 2757 719 2814 stoechade
742 2759 772 2812 et
788 2758 876 2814 Barla
892 2758 1012 2813 cDiosc.
1028 2757 1109 2814 Vsa.

84 2849 102 2886 e
124 2831 218 2886 stoch-
237 2833 267 2884 et
283 2836 319 2885 Ι.
356 2829 408 2884 Est
430 2832 459 2884 et
482 2830 553 2885 echa
577 2829 612 2882 de
631 2828 754 2896 (ochode
772 2831 808 2898 n)
827 2830 985 2885 reddunto
993 2829 1082 2886 Barla.
1103 2829 1107 2900 l

84 2901 271 2972 tragorigano
289 2900 413 2957 edVerc.
441 2901 492 2968 cfr.
511 2903 570 2952 XX
581 2904 646 2955 176.
665 2900 759 2956 meac.
775 2904 803 2952 V
809 2906 853 2956 55.
882 2901 958 2956 -iano
978 2901 1109 2962 adducit

85 2973 234 3043 -iganiodo
253 2978 288 3027 ll.
316 2971 491 3043 traginitano
510 2987 533 3026 r.
611 2977 644 3026 16
663 2971 835 3042 elelisphaco
853 2972 973 3028 naara.
988 2989 1001 3026 e
1014 2972 1109 3028 Diosc.

92 3048 122 3097 V
130 3049 173 3099 71.
202 3042 290 3098 ciebis
308 3044 436 3113 phagora
455 3043 525 3112 (fag-
544 3043 568 3113 o)
587 3059 610 3099 r.
640 3042 714 3098 elebi
731 3043 790 3099 cdd.
801 3047 865 3099 ante
873 3043 961 3098 Barb.
978 3045 982 3111 Ι
1002 3059 1112 3113 panace

85 3132 174 3172 acero
193 3113 292 3183 thymo
311 3115 512 3170 nazarenas.
544 3129 612 3183 pan·
636 3130 681 3168 ac·
700 3131 806 3183 conyza
823 3113 922 3184 thymo
940 3114 1028 3170 Barb.
1060 3131 1110 3184 pa-

85 3203 178 3241 nacea
202 3183 370 3241 corinthimo
390 3190 415 3244 i,
447 3201 510 3242 -cea
532 3200 654 3255 spagora
672 3201 732 3239 cor·
750 3186 979 3242 eddanteBorb.
1076 3190 1111 3240 17

87 3257 247 3327 ithyzinum
256 3261 290 3311 n.
311 3257 437 3327 sycinum
451 3255 643 3313 eddantcdiei.
662 3255 1109 3327 aascythicinnm(cfr.Theophr.

87 3331 117 3383 h.
127 3329 168 3396 pl.
183 3330 231 3380 IX
241 3332 288 3395 13,
297 3332 336 3397 2.)
354 3329 396 3383 vel
413 3327 571 3397 xyridinum
590 3329 651 3395 (cfr.
664 3326 759 3382 Dione.
774 3327 901 3396 ΝΜ
922 3330 926 3396 l
947 3327 1111 3382 itaeomelin

88 3400 187 3454 need.
199 3398 257 3454 Gal.
284 3399 422 3454 ithacam·
441 3399 500 3454 edd.
511 3403 575 3454 ante
584 3398 641 3453 Get.
670 3416 709 3453 aa
726 3398 920 3454 Idaeomelin?
949 3400 999 3466 cfr.
1014 3399 1109 3470 §108

94 3471 486 3526 XXV1193.Diose.IVnn.
573 3473 604 3523 18
624 3469 826 3539 letisphagiten
843 3475 878 3524 Π.
966 3474 999 3524 19
1019 3485 1035 3524 e
1052 3473 1109 3524 un.

90 3558 128 3598 ex
144 3541 280 3596 addente
289 3541 347 3597 der.
375 3543 405 3596 et
421 3539 575 3596 recidGel.
597 3541 601 3608 Ι
621 3557 688 3594 uero
706 3544 784 3594 nido.
812 3556 880 3595 uero
899 3557 916 3594 a
934 3545 983 3595 nc.
1012 3555 1111 3596 uerum
1225 3602 1233 3607 δ

91 3629 153 3676 aa.
239 3617 273 3666 20
291 3612 406 3683 pinipiri
424 3632 448 3666 a.
477 3611 605 3682 iuniperi,
624 3611 691 3681 pini,
710 3612 765 3682 piri
783 3611 983 3667 cddunthel.
1009 3612 1012 3679 Ι
1037 3613 1110 3666 tere·
