2610 3960
188 125 253 194 298
517 126 565 192 ,0.
583 126 683 182 PLlNI
702 125 858 182 succum

188 279 302 340 tissima
321 283 421 340 autem
440 275 513 340 Chia
530 275 665 356 candida,
687 277 773 338 ouius
789 278 921 356 pretium
943 279 974 338 in
997 275 1089 360 libras
1109 275 1137 338 n
1156 291 1213 356 xz,

189 370 291 447 nigrae
310 385 381 428 vero
401 365 427 428 ll
445 380 481 428 11.
518 365 590 427 Chia
609 384 626 425 e
644 365 770 426 lentisco
789 365 918 428 traditur
934 367 1017 446 gigni
1040 367 1214 430 cummium
1294 372 1295 410 ι

189 457 286 522 modo.
332 455 516 519 adtdteratm
539 462 574 516 ut
596 463 664 518 tum
686 456 793 516 resina.

137 553 170 603 73
257 538 331 627 (37)
362 543 469 606 brabia
499 545 588 608 etiam
620 562 700 606 nunc
731 551 761 606 et
789 543 893 605 ladano
923 543 1076 624 gloriatur.
1128 546 1212 606 lorte

189 653 321 714 casuque
350 634 407 696 hoc
437 640 468 694 et
498 635 607 696 iniuria
643 633 771 697 odorum
804 634 871 694 lieri
905 632 1009 712 plures
1044 632 1240 714 tradidere,⁵

190 742 367 805 caprasque,
394 723 560 786 maleficum
584 722 655 784 alias
682 721 837 784 frondibus
865 722 1211 804 animatodoranrnm
1295 801 1296 806 ἵ

189 831 260 875 vero
279 814 423 882 fruticum
440 812 638 892 adpetentius,
660 819 811 890 tamquam
832 811 987 891 intellegat
1001 814 1118 893 pretia,
1143 831 1211 873 car-

189 921 261 982 pere
285 903 452 982 germinum
476 901 576 962 caules
598 899 751 981 praedulci
777 900 893 979 liquore
921 909 1077 980 turgentes
1104 899 1209 964 destil-

190 992 359 1071 lantemque
383 989 469 1053 abis
497 1008 584 1051 casus
610 991 740 1052 mixtura
767 1007 873 1050 sucum
896 988 1022 1069 inprobo
1045 989 1210 1052 barbarum

189 1081 259 1143 villo
282 1080 462 1160 abstergere.
498 1079 579 1141 hunc
601 1078 759 1158 glomerari
780 1077 912 1160 pulvere,
935 1079 1057 1157 incoqui
1079 1078 1152 1158 sole,
1176 1088 1209 1139 et
1223 1094 1250 1133 ιο
1296 1069 1297 1092 ¹

191 1169 257 1231 ideo
284 1172 316 1232 in
343 1169 447 1230 ladano
475 1186 631 1248 caprarum
656 1167 736 1247 pilos
760 1185 836 1228 esse.
882 1166 934 1228 sed
962 1167 1019 1229 hoo
1047 1184 1108 1229 uon
1137 1167 1210 1228 alibi

191 1260 256 1322 fieri
280 1276 369 1338 quam
395 1259 427 1322 in
454 1255 624 1337 Nabataeis,
654 1257 707 1335 qui
733 1263 804 1318 suut
833 1275 871 1317 ex
893 1255 1010 1319 brabia«
1029 1258 1210 1318 contermini

138 1354 173 1403 '14
193 1347 303 1427 Syriae.
331 1348 515 1408 recentiores
534 1364 570 1407 ex
589 1344 768 1408 auctoribus-
784 1343 907 1408 storbon
930 1345 987 1406 hoc
1010 1353 1126 1425 vocant,
1148 1353 1210 1406 tra-

191 1437 326 1516 duntque
354 1435 441 1498 silvas
463 1434 595 1498 Arabum
616 1442 705 1514 pastu
727 1452 885 1514 caprarum
907 1434 1030 1513 infringi
1052 1441 1143 1513 atque
1165 1435 1209 1494 ita
1297 1487 1298 1516 3

192 1543 299 1590 sucum
327 1525 402 1586 villis
431 1523 653 1604 inhaerescere,
682 1541 787 1586 rerum
816 1530 918 1588 autem
944 1523 1083 1586 ladanum
1116 1521 1208 1602 Cypri
1222 1535 1248 1576 1⁵

191 1613 306 1675 insulae
329 1631 410 1694 esse,
433 1621 467 1674 ut
489 1612 586 1674 obiter
609 1630 745 1691 quaeque
768 1630 878 1691 genera
905 1611 1032 1675 odorum
1061 1611 1211 1690 dicantur,

192 1703 326 1782 quamvis
349 1720 409 1762 non
432 1710 582 1762 terrarum
609 1702 723 1762 ordine.
768 1701 904 1764 similitor
931 1701 989 1762 hoo
1016 1708 1047 1763 et
1074 1699 1116 1762 ibi
1144 1700 1212 1760 lieri

192 1791 315 1852 tradunt
338 1798 368 1851 et
391 1809 458 1852 esse
480 1809 625 1871 oesypum
646 1791 801 1852 hircorum
823 1789 924 1852 barbis
947 1789 1134 1869 genibusque
1156 1788 1210 1848 vil·

132 1918 134 1922 >
190 1881 263 1942 losis
285 1879 458 1960 inhaerens,
485 1879 537 1941 sed
561 1878 688 1941 hederae
712 1879 785 1940 llore
808 1879 929 1960 deroso,
955 1878 1091 1959 pastibus
1114 1885 1210 1938 matu-

192 1971 273 2050 tinis,
292 1988 361 2032 oum
379 1976 426 2029 est
448 1968 600 2030 rorulenta
620 1968 741 2047 Cypros.
778 1967 848 2030 dein
866 1967 975 2030 nebula
993 1966 1055 2030 sole
1075 1967 1251 2029 discussero

192 2059 346 2139 pulverem
364 2057 552 2120 madentibus
570 2057 647 2118 villis
665 2057 878 2121 adhaerescere
896 2064 985 2136 atque
1008 2059 1050 2118 ita
1071 2055 1212 2118 ladanum

142 2154 175 2204 '15
195 2148 321 2229 depecti
359 2154 429 2208 sunt
452 2149 504 2226 qui
525 2145 650 2212 herbam
671 2148 704 2210 in
727 2145 823 2226 Cypro
848 2164 885 2206 ex
907 2163 965 2225 qua
988 2145 1019 2206 id
1042 2146 1092 2206 fiat
1114 2144 1212 2206 ledam
1299 2187 1300 2228 ι

193 2237 355 2318 appellent,
385 2238 496 2299 etenim
519 2235 561 2296 illi
583 2234 723 2298 ledanum
745 2242 860 2296 vocant.
904 2232 995 2296 huius
1016 2235 1139 2313 pinguia
1165 2236 1211 2294 iu·
1299 2233 1300 2244 ’

194 2327 305 2406 sidere,
338 2328 438 2405 itaque
467 2332 497 2386 et
524 2325 629 2386 tractis
658 2323 800 2386 imdoulis
828 2321 952 2386 herbam
981 2341 1047 2384 eam
1077 2322 1212 2384 convolvi

267 2486 281 2534 1
300 2477 328 2532 X
346 2479 382 2533 X:
403 2480 449 2546 (=
467 2479 555 2534 decem
572 2482 696 2548 emmau)
712 2483 748 2533 Ι.
780 2477 832 2531 XX
850 2492 895 2532 ro.
1004 2483 1020 2531 2
1044 2475 1097 2530 XII
1115 2480 1210 2531 undo.

193 2550 227 2605 X.
242 2549 291 2604 IN.
309 2555 337 2602 x
358 2550 492 2616 (Monetae
509 2551 580 2606 coni.
598 2550 678 2619 bini).
786 2545 1057 2604 autonomon.
1089 2548 1123 2602 nb
1140 2563 1158 2602 a
1175 2553 1211 2602 Ι.

192 2624 256 2676 iure
275 2623 305 2678 et
317 2621 404 2677 Barb.
423 2621 680 2680 concinuisse.
752 2625 769 2675 5
787 2620 906 2676 odorum
922 2619 984 2676 lieri
1000 2625 1036 2674 Ι.
1064 2635 1120 2674 -res
1138 2619 1169 2676 fi·
1187 2636 1211 2673 r.

194 2693 225 2748 fi·
245 2708 301 2748 -ses
319 2693 450 2748 aaaron.
468 2693 499 2746 n·
514 2693 564 2748 ·ris
577 2693 696 2750 edBar.
769 2691 976 2762 impotentius
990 2690 1127 2746 neenec.
1146 2706 1211 2760 exp

194 2763 575 2832 condemnandumque.
608 2766 638 2820 et
654 2763 814 2834 petentibus
831 2780 855 2818 r.
885 2765 890 2831 Ι
918 2762 1068 2833 intellegat
1085 2767 1120 2816 Ι.
1151 2765 1213 2816 -ent

194 2851 240 2890 ro.
330 2836 508 2890 8borrantas
526 2840 562 2890 ll.
653 2841 668 2889 9
693 2851 774 2890 casus
792 2834 916 2890 mixture
934 2833 1211 2892 monumen.

194 2907 274 2962 Brot.
288 2922 344 2974 pro
362 2907 518 2976 ptooonue
534 2907 704 2972 habueram
725 2910 794 2962 eote
813 2911 910 2962 sucum
923 2911 988 2977 poet
1010 2906 1047 2960 ab
1065 2905 1090 2959 is
1110 2920 1213 2975 perure

156 3001 160 3008 ·
195 2978 262 3032 dum
279 2977 339 3032 erit.
426 2982 460 3032 10
478 2978 595 3048 pulvere
612 2976 740 3036 educat.
768 2993 840 3032 nem
858 2983 913 3032 Br.
940 2977 971 3032 in
1008 2977 1136 3032 ulverem
1152 2978 1211 3032 edd.

195 3052 260 3104 onte
269 3046 327 3104 Get.
388 3053 421 3103 13
441 3049 556 3104 storbon
573 3053 609 3104 Ι.
636 3049 753 3104 sirohon
768 3064 812 3104 ro.
873 3054 906 3104 16
925 3047 969 3106 ins
1001 3064 1035 3104 ee
1052 3047 1213 3104 nuncet.

195 3119 237 3174 -le
254 3125 285 3173 1).
318 3118 388 3174 dam
406 3124 452 3174 ed
484 3120 625 3176 ininsula
642 3121 702 3175 edd.
715 3123 780 3176 aeta
793 3119 852 3178 net.
960 3126 993 3176 17
1016 3121 1047 3174 eb
1067 3119 1214 3174 ibium

196 3189 324 3246 eddtiel.
358 3191 412 3248 libi
432 3191 511 3245 blei.
545 3191 586 3246 ibi
608 3190 848 3248 stannaturae.
961 3195 994 3247 18
1019 3207 1155 3262 oesopnm
1176 3195 1212 3244 1

196 3260 307 3331 osyium
325 3280 349 3316 ι.
422 3269 457 3318 20
475 3263 632 3320 discussam
648 3269 679 3316 D.
703 3279 747 3318 aa
763 3263 794 3317 in
812 3261 1039 3318 condamnet.
1111 3267 1146 3316 28
1164 3277 1212 3331 ap·

196 3332 305 3404 pellent
321 3335 492 3390 Reddunte
501 3333 593 3390 Hasd.
621 3333 695 3388 -lout
711 3351 735 3389 r.
752 3335 756 3402 Ι
772 3333 855 3390 huius
872 3338 949 3390 Iro.
976 3333 1043 3390 huic
1059 3332 1136 3388 noa
1147 3349 1212 3402 pro·

196 3405 273 3460 bavit
291 3405 349 3460 Uel.
363 3406 438 3462 oiod
452 3423 485 3462 n.
495 3410 560 3463 217.
580 3421 627 3476 epo
640 3406 735 3462 malim
748 3405 831 3460 huius
849 3403 928 3462 foliis
944 3405 1004 3462 coll.
1017 3404 1112 3460 More.
1127 3405 1147 3456 I
1155 3408 1212 3460 128

195 3476 233 3530 τὰ
251 3476 343 3544 φύλλα
363 3519 390 3532 ..
409 3476 536 3546 λιπαρία(
553 3479 630 3533 τινὰ(
648 3479 719 3531 κατὰ
737 3477 771 3531 τὸ
790 3478 840 3545 ἔαρ
859 3477 1045 3544 immunera.
1067 3477 1075 3546 l
1097 3474 1214 3546 pinguia

196 3551 232 3602 1
265 3548 306 3602 -ui
324 3550 482 3606 reddente
490 3550 559 3604 Bur.
591 3563 639 3603 -ue
657 3548 776 3604 edBos.
858 3554 900 3604 ΩΒ.
916 3554 952 3603 24
968 3547 1090 3603 insidere
1109 3547 1214 3602 etenim

196 3622 232 3672 Π.
261 3620 397 3675 exsudare
416 3620 488 3676 Detl.
566 3625 601 3674 24
619 3620 747 3674 attractis
767 3635 812 3674 eo.
