2608 3958
302 181 501 238 77771177.
521 181 573 237 77
593 183 697 239 17-77
718 185 843 253 (15-18)
1039 183 1079 248 19

63 348 192 409 quornm
221 350 347 411 corpora
379 334 444 392 eius
474 331 610 392 miraculi
637 335 731 412 gratia
760 335 792 392 in
823 333 989 394 conditorio
1018 334 1079 394 Sal-
1124 328 1127 336 '

61 419 259 482 lustianorum
273 420 506 481 adservabantur
518 418 689 502 hortorum3
711 421 835 482 Pusioni
850 431 879 482 et
894 423 1080 484 Secundillae

62 517 151 568 erant
171 513 297 570 nomina.
328 510 433 570 eodem
455 509 592 588 praeside
616 512 756 571 minimus
779 510 867 570 homo
891 511 965 572 duos
988 513 1080 591 pedes

63 606 97 657 et
122 597 244 676 palmum
268 597 404 679 Conopas
432 600 550 658 nomine
578 601 610 658 in
634 597 748 660 deliciis
771 597 861 660 luliae
889 603 987 680 neptis
1016 603 1080 661 eius

34 687 137 767 sinit,
157 695 185 747 et
200 686 311 749 mulier
325 687 513 748 Andromeda
532 687 638 748 liberta
657 687 748 748 luliae
763 687 921 768 Augustae.
950 689 1081 751 Manium

62 774 220 836 Maximum
239 783 270 836 et
288 776 325 836 M.
341 776 471 837 Tullium
490 777 606 855 equites
620 776 768 837 Romanos
787 777 891 838 binum
910 777 1081 840 cubitorum

64 864 154 925 luisse
176 874 282 926 auctor
307 873 352 927 cst
370 865 407 926 M.
421 865 541 945 Varro,
567 873 597 925 et
619 867 676 944 ipsi
697 867 824 927 vidimus
847 868 878 926 in
901 866 1007 928 loculis
1031 866 1079 928 ad·

62 961 201 1014 servatos.
249 953 471 1033 sesquipedales
494 955 588 1036 gigni,
615 955 760 1032 quosdam
781 954 945 1038 longioreS,
973 957 1004 1015 in
1026 957 1079 1016 tri-

62 1051 142 1102 matu
164 1043 315 1121 inplentes
338 1045 413 1103 vitae
437 1061 572 1123 cursum,
595 1043 832 1123 haudignotum
855 1051 910 1104 est.

21 1147 46 1184 10
129 1125 201 1214 (17)
225 1131 396 1192 Invenimus
414 1133 446 1191 in
465 1135 705 1192 monumentis
723 1131 869 1192 Salamine
883 1130 1077 1212 Euthymenis
1098 1143 1132 1190 77

60 1220 153 1280 filium
172 1217 212 1281 'in
234 1224 294 1281 tria
322 1219 421 1282 cubita
443 1223 573 1280 triennio
602 1220 782 1302 adcrevisse,
810 1223 929 1282 incessu
953 1221 1080 1304 tardum,

62 1327 150 1370 sensu
173 1308 327 1390 hebetem,
351 1309 496 1388 puberem
519 1311 609 1370 etiam
629 1309 753 1392 iactum,
776 1328 848 1370 voce
871 1310 1007 1392 robusta,
1030 1309 1079 1370 ab·

61 1407 213 1478 sumptum
237 1401 440 1458 contractione
459 1396 663 1458 membrorum
687 1397 785 1459 subita
803 1400 933 1460 triennio
953 1401 1079 1460 circum·

61 1495 135 1548 acto.
161 1489 220 1567 ipsi
244 1505 305 1547 non
323 1487 440 1566 pridem
458 1487 585 1547 vidimus
609 1487 712 1548 eadem
730 1487 824 1548 ferme
843 1491 942 1549 omnia
960 1496 1080 1568 practer

22 1589 46 1628 1⁵
59 1575 249 1653 pubertatem
272 1578 303 1635 in
326 1576 386 1636 nno
410 1575 530 1636 Corneli
551 1575 646 1637 Taciti
669 1577 777 1655 equitis
800 1575 925 1637 Romani
944 1577 1079 1657 Belgicae

61 1664 167 1726 Galliae
196 1666 328 1724 rationes
355 1667 552 1744 procurantis.
598 1663 815 1738 ἐκτραπέλους
841 1664 945 1726 Graeci
973 1674 1080 1728 vocant

61 1772 125 1834 eos,
148 1756 178 1813 in
201 1753 286 1814 Latio
310 1771 370 1814 non
392 1753 503 1814 habeut
526 1772 645 1814 nomen.

130 1835 186 1903 17.
231 1842 318 1913 Quod
342 1844 380 1902 sit
402 1841 516 1902 homini
539 1845 667 1921 spatium
691 1861 707 1902 a
726 1845 853 1922 vestigio
878 1843 913 1904 ad
936 1847 1078 1907 verticem
1098 1850 1130 1900 77

61 1931 90 1989 id
109 1949 174 1991 esse
189 1933 291 2010 pansis
309 1930 446 1991 manibus
465 1933 544 1991 inter
558 1931 746 2010 longissimos
761 1930 870 2010 digitos
889 1932 1079 1993 observatum

26 2028 120 2104 vvest,
149 2021 239 2080 sicuti
261 2021 342 2079 vires
365 2019 469 2080 dextra
491 2027 576 2098 parte
600 2021 740 2100 maiores,
768 2019 946 2099 quibusdam
969 2039 1079 2100 aequas

63 2116 201 2189 utraque,
235 2107 342 2186 aliquis
365 2108 446 2188 laeva
473 2127 563 2169 manu
579 2110 773 2188 praecipuas,
805 2127 861 2168 nee
884 2109 915 2168 id
937 2127 1080 2188 umquam

61 2199 90 2257 in
120 2197 246 2258 leminis.
298 2191 372 2279 (18)
405 2215 502 2256 mares
529 2205 681 2276 praestare
709 2195 855 2277 pondere,
886 2204 916 2256 et
939 2195 1079 2275 defuncta
1123 2189 1125 2195 ’

61 2285 228 2346 viventibus
252 2303 378 2364 corpora
401 2288 535 2346 omnium
558 2286 736 2366 animalium,
760 2293 789 2346 et
812 2285 989 2346 dormientia
1007 2287 1078 2364 vigi-

61 2373 196 2456 lantibus,
216 2376 351 2434 virorum
365 2374 506 2434 cadavera
521 2377 627 2453 supina
640 2374 766 2456 lluitare,
785 2374 963 2435 feminarum
976 2392 1080 2456 prona,

29 2475 49 2514 u
62 2463 139 2524 velut
160 2463 271 2542 pudori
294 2463 504 2524 defunctarum
526 2452 667 2542 parcente
691 2470 805 2524 natura.

125 2546 179 2613 18.
211 2550 367 2612 Concretis
387 2551 531 2631 quosdam
550 2551 667 2614 ossibus
686 2571 720 2612 ac
739 2554 803 2614 sine
822 2552 959 2614 medullis
978 2555 1077 2614 vivere
1098 2557 1132 2610 78

61 2643 229 2722 accipimus.
259 2643 377 2720 signum
396 2659 501 2702 eorum
520 2661 585 2702 esse
605 2659 661 2702 nec
680 2643 760 2701 sitim
779 2644 892 2702 sentire
915 2661 971 2703 nec
991 2643 1078 2702 sudo·

61 2747 122 2790 rem
140 2732 291 2810 emittere,
314 2748 493 2808 quamquam
512 2737 542 2790 et
560 2729 710 2791 voluntale
734 2731 845 2790 scimus
864 2733 945 2792 sitim
962 2733 1079 2813 victam,
1125 2743 1127 2746 “

61 2821 251 2898 equitemque
266 2817 433 2879 Romanum
446 2817 555 2881 lulium
563 2817 714 2885 Viatorem
733 2817 972 2880 eVocontiornm
990 2827 1078 2898 gente

29 2917 49 2956 ³⁰
62 2907 209 2968 foederata
237 2909 270 2966 iu
292 2905 488 2987 pupillaribus
516 2909 601 2967 annis
625 2924 718 2986 aquae
744 2904 848 2968 subter
872 2916 972 2968 cutem
995 2909 1077 2968 lusae

62 2995 162 3056 morbo
184 2993 372 3074 prohibitum
399 3012 504 3056 umore
527 3015 544 3056 a
566 2995 690 3056 medicis
717 3003 854 3056 naturam
877 2995 984 3056 iecisse
1008 3014 1077 3056 eon·

62 3083 249 3146 suetudinem
276 3091 364 3162 atque
393 3086 423 3143 iu
447 3092 567 3144 senecta
595 3086 726 3145 caruisse
749 3091 830 3163 potu.
876 3102 932 3144 nec
959 3103 1020 3144 non
1047 3091 1077 3144 et

63 3173 106 3233 alii
129 3173 223 3234 multa
247 3171 304 3232 sibi
327 3174 520 3252 imperavere.

129 3315 145 3362 2
163 3308 278 3378 pusioni
296 3307 333 3362 ι’.
353 3307 441 3363 Solio.
459 3314 487 3375 1,
506 3313 554 3363 88.
580 3307 690 3378 pusioni
708 3325 731 3362 r.
796 3313 813 3360 4
831 3323 962 3376 meropes
980 3308 1022 3362 1².

64 3387 91 3432 11
116 3379 276 3434 adcreuisse
299 3379 391 3433 Birt.
420 3396 496 3434 acer·
518 3379 588 3435 Rob.
617 3379 696 3434 ador·
719 3378 790 3432 12²1).
819 3377 896 3434 edol-
920 3381 964 3435 do.
1043 3385 1076 3432 16

63 3451 215 3520 ectrapelos
233 3457 264 3505 1).
290 3452 320 3504 et
336 3452 413 3520 trap-
431 3451 473 3505 1²².
498 3451 591 3521 sciap-
609 3457 640 3503 3.
665 3451 755 3520 etlap-
773 3467 796 3505 r.
871 3455 903 3504 19
923 3449 1077 3504 cuidem?

125 3527 158 3576 27
179 3520 333 3590 accipimus
347 3525 378 3575 R.
403 3538 500 3592 accep·
518 3539 542 3576 r.
566 3523 616 3589 cfr.
631 3521 705 3576 Fele.
721 3537 751 3590 p.
762 3525 800 3576 66
814 3537 842 3574 n.
852 3525 878 3575 1.
933 3526 967 3572 30
987 3533 1076 3587 aquae

63 3593 101 3648 1⁸².
123 3609 179 3662 qua
197 3593 241 3645 nt
266 3609 341 3662 aqua
358 3611 381 3649 r.
403 3596 408 3662 Ι
428 3591 490 3647 fuse
507 3592 542 3646 2³²
559 3594 591 3647 in
608 3608 664 3647 roc.
687 3591 766 3646 rurae
784 3591 848 3644 Dat
871 3589 932 3643 fure
946 3589 990 3641 121.
1014 3589 1077 3642 fusa

63 3664 103 3718 12².
126 3663 200 3718 iuste
219 3663 257 3718 εἳ.
280 3664 390 3719 futurae
410 3669 434 3718 d.
507 3671 549 3718 31.
561 3669 594 3717 32
614 3661 814 3718 consuetudine
831 3659 908 3711 ΙΨ.

878 3745 915 3799 2*
