2620 3948
179 131 222 195 60
525 130 554 184 O.
573 128 673 183 PLINI
692 121 849 184 SECUNDI

178 281 324 360 plicavere
358 279 482 358 quadam
515 297 581 338 sese
609 278 818 338 lamentatione
847 276 1078 358 complorantes,
1112 285 1196 348 tanto

178 366 280 448 populi
303 367 405 427 dolore
433 375 467 427 ut
494 366 603 428 oblitus
627 367 815 445 imperatoris
842 384 877 425 ac
899 367 1120 426 munificentiae
1143 365 1196 425 ho-

179 458 246 517 nori
273 475 327 516 suo
356 457 520 535 exquisitae
543 455 618 515 llens
644 457 805 515 universus
832 462 1028 534 consurgeret
1056 453 1197 533 dirasque

126 555 159 602 22
178 545 319 624 Pompeio
349 563 422 624 quas
450 545 499 604 ille
530 562 598 604 mox
625 543 682 605 luit
707 546 923 624 inprecaretur.
968 561 1137 622 pugnavere
1166 551 1198 604 et

180 633 298 694 Caesari
325 633 463 694 dictatori
490 635 579 694 tertio
607 630 763 693 consulatu
792 635 857 693 eius
883 632 988 711 viginti
1016 640 1120 693 contra
1144 644 1231 710 pe-⁵

179 722 256 783 dites
285 737 323 804 D,
359 725 530 801 iterumque
560 722 684 783 totidem
713 723 814 782 turriti
844 739 914 780 cum
943 723 1098 799 sexagenis
1126 739 1197 800 pro·

178 810 393 890 pugnatoribus
422 812 526 871 eodem
554 829 613 889 quo
640 812 741 890 priore
769 827 894 870 numero
917 809 1051 888 peditum
1079 815 1110 869 et
1131 811 1199 888 pari

179 902 314 978 equitum
341 919 378 960 ex
401 901 523 960 adverso
547 900 720 981 dimicante,
751 906 855 978 postea
878 897 987 976 singuli
1009 896 1198 978 principibus

180 987 300 1048 Claudio
324 996 355 1049 et
342 988 519 1049 tNeroni
510 1007 542 1048 in
566 990 819 1049 consummatione
842 987 1077 1066 gladiatorum.

144 1087 159 1132 3
246 1077 342 1156 Ipsius
366 1077 499 1138 animalis
522 1084 603 1136 tanta
626 1084 765 1137 narratur
791 1076 947 1136 clementia
970 1082 1074 1136 contra
1096 1077 1197 1134 minus
1213 1089 1245 1128 1⁰

179 1165 347 1227 validost
312 1174 347 1227 ut
369 1169 400 1226 in
423 1184 512 1244 grege
536 1165 686 1244 pecudum
711 1172 872 1226 occurrent
873 1165 901 1224 ia
927 1182 1018 1224 manu
1040 1163 1198 1246 dimoveat,

179 1273 217 1314 nc
240 1254 320 1333 quod
343 1253 460 1326 obterat
482 1253 656 1332 inprudens.
705 1271 762 1312 nec
784 1255 843 1313 nisi
866 1253 996 1314 lacessiti
1019 1260 1131 1313 nocent
1152 1252 1197 1312 id-

179 1361 237 1420 que
261 1351 329 1403 cum
352 1344 495 1422 gregatim
519 1359 638 1421 semper
660 1340 824 1424 ambulent,
852 1344 973 1403 minime
997 1360 1033 1401 ex
1056 1339 1198 1401 omnibus

179 1429 309 1510 solivagi.
359 1433 494 1510 equitatu
475 1433 718 1492 ucircumventi
740 1431 874 1490 infirmos
902 1437 953 1491 arrt
975 1430 1070 1490 lessos
1092 1429 1196 1490 vulne-

178 1527 295 1580 ratosve
318 1521 350 1578 in
372 1519 503 1580 medium
527 1536 632 1597 agmen
655 1521 813 1600 recipiunt,
836 1537 869 1580 ac
892 1520 1003 1580 velut
995 1521 1122 1598 imperio
1145 1527 1239 1580 aut1⁵

111 1647 114 1652 -
179 1609 293 1667 ratione
316 1625 370 1685 per
394 1609 474 1668 vices
498 1606 637 1668 subeunt.
695 1641 697 1644 ν

125 1705 160 1753 ‘24
247 1690 281 1757 8.
310 1689 361 1777 (8)
399 1695 484 1776 Capti
460 1696 663 1756 tcelerrime
686 1697 879 1757 mitificantur
901 1695 1006 1756 hordei
1030 1714 1111 1756 suco
1148 1714 1196 1756 ca-

178 1786 265 1886 piunt
265 1802 303 1844 ur
331 1791 429 1845 autem
457 1787 488 1845 in
511 1784 593 1846 India
616 1804 710 1846 unum
738 1804 774 1844 ex
797 1785 916 1846 domitis
944 1792 1049 1864 agente
1077 1792 1196 1846 rectore

179 1875 231 1952 qui
258 1873 478 1952 deprehensum
505 1873 670 1935 solitarium
698 1873 871 1935 abactumve
899 1893 915 1933 a
942 1891 1032 1953 grege
1058 1872 1197 1934 verberet

179 1962 285 2042 lerum,
308 1981 367 2040 quo
389 1963 509 2041 fatigato
528 1963 744 2024 transcendit
735 1981 766 2022 rn
785 1981 855 2022 eum
877 1981 933 2022 nec
952 1980 1039 2023 secus
1062 1981 1096 2022 ac
1115 1964 1194 2042 prio·
1210 1975 1239 2014 2⁰

179 2067 243 2110 rem
270 2053 355 2129 regit.
401 2051 499 2112 Africa
523 2053 615 2111 loreis
643 2053 734 2133 capit,
764 2053 796 2111 in
820 2069 893 2130 quas
916 2051 1073 2111 deerrante
1096 2051 1194 2130 aliquo

178 2141 316 2218 protinus
339 2141 432 2200 ceteri
456 2147 622 2218 congerunt
642 2158 749 2221 remos,
772 2134 865 2200 moles
882 2139 1050 2220 devolvunt,
1073 2159 1195 2219 aggeres

126 2235 159 2284 25
180 2235 366 2309 construunt,
385 2231 526 2308 omnique
545 2231 574 2289 vi
592 2235 739 2288 conantur
757 2228 921 2289 extrahere.
946 2235 1014 2288 ante
1033 2228 1196 2289 domitandi

178 2319 272 2396 gratia
295 2335 381 2395 reges
410 2319 544 2396 equitatu
567 2316 712 2396 cogebant
738 2317 897 2378 invallem
922 2335 1011 2377 mann
1035 2317 1143 2376 laetam
1166 2325 1196 2377 et
1253 2343 1260 2352 ·

179 2405 266 2484 longo
290 2413 387 2467 tractu
410 2405 556 2486 fallacem,
585 2407 671 2466 cuius
694 2404 826 2466 inclusos
849 2408 923 2486 ripis
946 2406 1094 2484 fossisque
1118 2406 1194 2466 lame
1209 2418 1236 2458 2⁵

178 2491 344 2554 domabant.
400 2502 609 2573 argumentum
645 2501 709 2554 erat
739 2513 841 2554 ramus
872 2495 991 2560 bomine
1023 2496 1194 2574 porrigente

179 2583 341 2642 clementer
371 2591 519 2661 acceptus.
572 2601 652 2644 nuno
667 2581 669 2587 ’
683 2583 818 2644 dentium
850 2601 938 2645 causa
965 2583 1057 2662 pedes
1090 2577 1195 2659 eorum

125 2671 344 2731 stimulantur
367 2671 477 2750 alioqui
499 2671 696 2732 mollissimos.
730 2672 916 2752 Trogodytae
940 2673 1118 2733 contermini
1140 2673 1194 2732 Ae·

179 2759 321 2841 tbiopiae,
352 2762 403 2840 qui
425 2760 482 2820 hoc
505 2761 570 2824 solo
593 2768 701 2822 venatu
726 2761 859 2843 aluntur,
888 2764 1072 2841 propinquas
1094 2762 1194 2821 itineri
1305 2767 1306 2836 l

178 2867 283 2909 eornm
306 2849 512 2910 conscendunt
534 2849 664 2910 arbores.
710 2851 779 2910 inde
802 2853 896 2910 totius
923 2851 1047 2929 agminis
1070 2851 1193 2909 novissi·
1207 2859 1234 2900 ³0
1305 2893 1306 2916 ,

94 2981 98 2988 .
178 2957 259 2999 mum
283 2938 426 3017 speculati
449 2943 597 3000 extremas
620 2941 651 3000 in
675 2937 778 3000 clunes
801 2938 950 2999 desiliunt.
986 2938 1067 2998 laeva
1090 2938 1194 3017 adpre-

180 3097 257 3102 ..-—--
262 3096 393 3104 --a—a—-u-

249 3186 341 3250 tque
359 3186 389 3234 tt.
416 3183 421 3250 Ι
445 3180 500 3235 luit
516 3179 697 3250 penas'rlsl.
725 3181 780 3235 luit
796 3197 820 3234 r.
893 3179 1034 3250 8singuli
1051 3198 1076 3234 v.
1100 3180 1147 3234 -lis
1166 3182 1194 3236 ll.

249 3258 282 3305 16
306 3253 428 3307 subeunt
444 3269 468 3305 o.
497 3253 557 3305 nte
578 3251 671 3304 ond.
700 3252 775 3306 ntes
793 3255 842 3304 dr.
871 3253 915 3304 -nt
933 3252 963 3306 et
983 3251 1047 3306 Ν.
1079 3253 1196 3326 foetasse

176 3321 278 3374 excidit
296 3319 413 3378 telonei
431 3323 485 3378 tale
503 3323 577 3392 qnid.
669 3326 702 3376 19
725 3322 841 3378 uerbere
865 3323 895 3376 et
911 3321 1003 3377 lerum
1026 3327 1050 3377 d.
1078 3323 1195 3378 uerbere

177 3392 279 3444 iterum
297 3393 725 3448 n.231ooonanturr²o⁹
755 3394 891 3448 conantur
908 3393 987 3448 Ε9ᾱ9.
1014 3395 1194 3463 neganturr.

248 3467 283 3515 24
300 3479 381 3532 reges
401 3463 479 3517 Piot.
504 3464 559 3534 gis
578 3463 650 3517 ι9ᾱ9.
676 3470 733 3534 ge
751 3466 789 3519 (19.
813 3481 933 3536 Ἣςοτθν
954 3465 1138 3532 lconuollem
1155 3465 1194 3520 ⁸².

248 3535 282 3583 28
300 3532 523 3589 mollissimosd
547 3551 647 3590 ·m0r
707 3541 741 3588 30
760 3536 984 3590 conscenduntur
1002 3541 1033 3589 B.
1092 3536 1194 3590 31ed

176 3594 358 3667 prehenditur
376 3604 418 3656 199,
446 3604 527 3674 depr·
545 3623 589 3658 r-
