2624 3954
350 151 434 205 NAT.
453 149 546 206 Risu.
566 149 633 206 xlii
651 156 721 206 1-a
741 152 832 222 (2-4)
1044 153 1108 218 317

90 303 179 362 furta.
224 319 305 364 nune
329 299 446 362 dicatur
474 297 615 362 cumulus
639 301 705 380 ipse
734 299 907 364 deliciarum
934 309 966 364 et
993 320 1109 364 summa

90 392 253 452 ander-itas
275 391 330 452 rei.

159 473 194 542 2.
217 477 297 560 Ergo
321 477 420 558 regale
443 484 630 558 unguentum
653 478 846 560 appellatum,
873 482 1014 560 quoniam
1037 480 1108 542 Par·
1128 487 1162 544 ts

90 567 212 630 thorum
234 566 356 649 regibus
378 569 420 628 ita
438 573 631 647 temperatur,
654 574 772 630 constat
789 567 993 650 myrobalano,
1016 577 1110 651 costo,

63 670 222 740 samomo,
244 659 381 720 cinnano
405 673 539 737 nemaeo,
562 657 764 738 cardamomo,
786 656 873 720 nardi
895 660 990 740 spina,
1017 677 1110 740 maro,

90 763 206 828 murra,
230 748 322 828 casia,
344 752 473 826 styrace,
495 744 615 826 ladano,
642 743 845 827 opobalsamo,
872 746 984 808 ealnmo
1006 749 1109 810 iunon-

90 853 149 914 que
174 835 267 917 Syris,
290 834 447 916 oenanthe,
468 833 665 916 malobathro,
686 833 849 915 serichatn,
872 853 976 917 cypro,
999 837 1109 916 aspala-

89 923 157 1007 tho,
184 943 310 1006 panaam
340 942 443 1005 eroon,
472 925 590 1005 cypiro,
618 941 768 1007 amaraco,
797 923 872 1004 loto,
901 924 1003 1006 melle,
1033 928 1109 987 vino.

90 1012 224 1094 nihilque
243 1016 308 1078 eius
327 1015 373 1076 rei
391 1031 481 1076 eausa
497 1016 530 1076 in
542 1012 625 1076 ltalia
643 1014 765 1076 victrice
785 1015 927 1094 omnium,
945 1015 977 1076 in
990 1013 1111 1094 Europa

41 1117 75 1186 3⁰
91 1121 162 1164 vero
180 1111 243 1166 teta
260 1111 381 1184 praeter
403 1104 471 1166 irim
489 1101 636 1182 Illyricam
650 1111 691 1176 et
708 1102 836 1164 nardum
855 1101 999 1164 Gallicum
1016 1105 1110 1183 gigni·

91 1199 150 1253 tur.
196 1211 265 1256 nam
287 1196 389 1256 riuum
412 1199 443 1254 et
471 1210 540 1254 rosa
568 1199 598 1254 et
624 1195 714 1275 myrti
740 1190 811 1254 lolia
841 1190 999 1272 oleumque
1030 1209 1109 1254 eom·

89 1283 192 1343 munia
215 1283 279 1344 lere
302 1283 436 1344 omnium
458 1288 608 1343 terrarum
631 1281 851 1361 intellegantur.

159 1361 211 1453 (3)
231 1370 325 1434 Siccis
343 1369 486 1434 moruus
505 1377 644 1434 constant
661 1390 738 1454 quae
757 1372 939 1450 diapasmata
957 1377 1109 1432 vocantur.
1129 1377 1162 1426 19

90 1477 160 1520 nam
173 1460 287 1522 faecem
305 1461 451 1542 unguenti
468 1477 583 1540 magma
602 1462 758 1542 appellant.
785 1459 865 1524 inter
883 1478 987 1523 omnes
1005 1467 1109 1540 poten·

48 1561 75 1603 as
90 1550 225 1610 tissimus
243 1551 318 1614 odor
335 1551 472 1629 quisquis
489 1551 650 1614 novissime
668 1552 796 1616 additur.
827 1557 980 1629 unguenta
998 1550 1108 1628 optime

91 1645 249 1700 servantur
271 1642 303 1703 iu
325 1638 493 1721 alabastris,
521 1640 629 1704 odores
651 1643 683 1704 in
706 1640 785 1722 oleo,
813 1638 894 1720 quod
921 1639 1110 1712 diuturnitati

91 1745 198 1790 eorum
220 1736 304 1790 tanto
326 1729 430 1792 utilius
453 1736 565 1808 quanto
587 1732 738 1813 pinguius,
761 1738 796 1794 ut
818 1749 856 1792 ex
878 1727 1046 1809 amygdalis.
1078 1734 1109 1789 et

90 1817 156 1896 ipsa
178 1826 331 1898 unguenta
352 1824 498 1880 vetustate
521 1818 652 1882 meliora.
699 1820 743 1882 sol
766 1820 905 1882 inimicus
928 1820 979 1900 ils,
1006 1835 1107 1898 quam·

90 1904 196 1968 obrem
222 1910 253 1970 in
281 1906 387 1970 umbra
415 1909 588 1970 conduntur
613 1908 763 1989 plumbeis
790 1910 876 1970 rasis.
922 1908 1108 1987 experimen·

47 2006 76 2048 aa
90 2003 155 2056 tum
174 2015 279 2058 eorum
298 1999 416 2059 inversa
435 2015 525 2058 manu
548 2000 675 2079 eapitur,
697 2017 735 2060 ne
755 2015 896 2060 carnosae
915 1997 1009 2076 partis
1028 1995 1108 2056 oalor

91 2085 183 2146 vitiet.

160 2168 194 2236 3.
209 2168 262 2256 (4)
281 2173 360 2236 Haeo
379 2181 426 2236 est
443 2177 567 2238 materia
580 2175 668 2246 lamus
687 2195 703 2238 a
722 2177 840 2238 eunetis
858 2175 984 2236 maxime
1003 2191 1107 2254 super·
1126 2178 1161 2228 2⁰

91 2263 186 2324 vaoui.
235 2265 411 2342 margaritae
439 2266 520 2326 enim
546 2283 740 2344 gemmaeque
770 2264 806 2326 ad
835 2262 978 2326 heredem
1008 2269 1108 2324 tamen

90 2357 265 2433 transeunt,
296 2359 394 2414 vestes
422 2361 585 2433 prorogant
613 2361 747 2436 tempus,
779 2359 931 2433 unguenta
960 2351 1028 2413 ilieo
1058 2369 1108 2412 ex·

48 2448 76 2492 2⁵
90 2442 207 2520 spirant
238 2459 273 2502 ae
305 2443 368 2502 suis
399 2444 570 2506 moriuntur
600 2442 692 2504 horis.
744 2460 860 2504 summa
891 2439 1107 2503 commendatio

89 2547 197 2602 eornm
219 2537 254 2592 ut
276 2537 481 2594 transeuntem
510 2533 651 2594 laminam
677 2531 752 2595 odor
778 2533 885 2594 invitet
911 2531 1001 2592 etiam
1028 2529 1107 2592 aliud

162 2723 311 2776 teonstat
327 2736 378 2776 om.
392 2725 424 2775 B.
497 2726 648 2778 beamaee
661 2727 697 2775 Ι.
725 2737 853 2776 momaeo
867 2725 898 2774 a.
915 2721 920 2789 Ι
935 2719 1016 2775 nardi
1030 2719 1107 2790 spiea

90 2794 137 2844 de.
166 2789 220 2846 -dia
272 2792 318 2846 iea
335 2798 387 2846 lta.
416 2791 471 2847 -dis
490 2797 553 2846 n.
644 2791 853 2862 trimosque
873 2791 1024 2861 syrien.
1053 2790 1106 2844 -rio

89 2809 326 2919 eddmnteffard.
352 2864 436 2920 innoo
454 2863 568 2920 rHard.
641 2862 768 2934 ‘loyprio
782 2867 817 2918 ι
890 2868 907 2916 8
926 2862 1022 2932 cypiro
1035 2866 1108 2916 Bitu

89 2931 185 2987 Horti.
217 2949 321 3005 eyapro
339 2939 374 2991 ι
407 2935 504 3018 cyprio
527 2935 684 2992 desideat
716 2950 796 3005 -paae
818 2933 947 2990 aaron.
979 2951 1042 3004 ·pro
1065 2935 1106 2990 ed.

89 3003 159 3058 Bas.
267 3012 284 3060 9
307 3004 367 3061 eius
390 3023 432 3062 rea
453 3021 541 3062 nausa
562 3006 614 3062 del.
630 3006 709 3062 Piae.
730 3010 762 3062 ot
783 3007 914 3076 punem
936 3006 974 3060 ad
991 3004 1106 3060 viohiee

88 3074 362 3134 omniumadattum
383 3079 542 3134 autema
563 3077 659 3134 omnia
680 3079 710 3132 at
731 3075 894 3161 prodigiosa
914 3075 1108 3148 semeliae

88 3151 155 3202 mate
170 3147 299 3218 nihilque
317 3151 464 3220 anomoei
480 3148 575 3206 ooludss
612 3165 660 3220 eqo
677 3149 772 3205 mam
788 3150 904 3204 externa
926 3147 1022 3204 omnia
1043 3152 1107 3203 aete

87 3217 218 3289 nihilque
230 3221 350 3277 imeras
362 3225 388 3276 et
401 3218 461 3276 sius
474 3220 517 3278 rei
530 3235 616 3278 eausa
629 3225 694 3290 poet
707 3219 832 3278 omnium
849 3225 1034 3289 transponere.

90 3295 125 3344 14
147 3307 263 3361 magma
280 3293 353 3345 ΜΒ
375 3292 422 3362 (iu
438 3308 493 3362 quo
510 3296 602 3348 tamen
619 3297 658 3348 eet
675 3307 780 3363 magna
802 3290 955 3362 appellant.
1090 3309 1107 3345 a

89 3361 257 3432 appellant).
293 3378 437 3434 msgmsm
460 3367 495 3419 ι
533 3363 623 3418 -maia
644 3364 704 3420 cdd.
718 3367 783 3418 ante
796 3362 855 3418 Gel.
890 3378 996 3432 magam
1017 3379 1035 3415 a
1069 3364 1105 3417 al.

162 3438 195 3488 t‘l
214 3433 312 3490 utilius
330 3438 365 3490 ι
393 3433 449 3490 -ius
467 3435 512 3492 est
527 3450 572 3490 re.
645 3440 679 3490 tii
697 3433 854 3491 conduntur
871 3431 1107 3501 coatid'be'ffleties

88 3503 149 3560 ooli.
165 3503 300 3576 lumb.
312 3506 350 3573 fr.
364 3510 392 3573 4,
405 3511 433 3573 9,
445 3510 490 3562 41.
523 3507 662 3575 aequatur
678 3512 709 3560 n.
742 3505 902 3574 eoqnnntnr
917 3508 994 3559 Ire.
1036 3509 1044 3526 '
1071 3510 1105 3559 22

88 3575 167 3630 lusus
185 3593 210 3630 ι
292 3583 326 3632 28
345 3577 449 3634 addara
467 3576 533 3634 dam
551 3582 582 3632 a.
664 3583 699 3634 26
717 3577 908 3632 transeuntem
926 3573 1060 3629 hminem
1078 3581 1106 3628 Ι

89 3647 148 3703 edd.
159 3647 292 3706 eoteGel.
319 3649 398 3708 -unte
417 3649 491 3722 (ami
508 3651 542 3718 B)
563 3666 611 3705 -na
628 3648 707 3709 raet.
