2608 3958
314 149 398 205 nau.
417 147 510 204 HIST.
528 146 581 203 Vn
598 153 705 204 43-44
724 149 851 219 (nc-45)
1045 150 1090 214 35

59 297 166 359 orbam
198 295 363 360 luminibus
392 299 490 378 exegit
516 305 668 362 senectam
695 299 811 358 amissis
838 299 990 379 incendio,
1019 317 1089 362 cum

59 387 231 449 Palladium
259 394 380 468 raperet
407 405 443 447 ex
471 386 544 448 aede
566 385 686 468 Vestae,
717 386 901 448 memorabili
924 405 1012 450 causa
1036 389 1088 450 sed

60 485 172 538 eventu
198 477 321 537 misero.
354 493 413 555 quo
436 475 469 537 tit
492 483 526 536 ut
548 474 651 536 infelix
669 476 790 555 quidem
813 475 871 536 dici
894 495 954 538 non
974 477 1089 559 debeat,

60 566 131 625 lelix
155 573 263 626 tamen
285 583 347 626 non
368 565 473 645 possit.
503 563 609 625 tribuit
631 566 660 624 ci
682 564 811 644 populus
834 564 985 626 Romanus
1008 566 1088 646 quod

36 654 137 714 socrui
166 655 221 714 alii
249 653 285 714 ab
314 653 434 714 condito
463 651 548 734 aevo,
579 660 613 714 ut
641 655 781 732 quotiens
808 656 840 714 in
867 664 1003 716 senatum
1029 657 1100 731 iret

61 761 157 803 curru
181 742 347 804 veheretur
370 741 406 803 ad
429 743 551 803 curiam.
581 759 722 822 magnum
744 751 774 804 et
798 741 934 826 sublime,
957 745 1009 805 sed
1032 763 1088 824 pro
1118 791 1120 794 .

61 831 158 892 oculis
185 831 298 892 datum.

129 915 197 982 44.
235 919 333 981 Huius
356 937 475 999 quoque
499 918 812 999 circummunita
836 920 872 982 de
896 928 980 1000 patre
1005 922 1078 984 dixit
1088 928 1141 980 142

62 1009 142 1070 silius
174 1011 259 1070 inter
288 1025 355 1068 rara
383 1008 534 1068 felicitatis
563 1007 709 1069 humanae
742 1009 876 1088 exempla
904 1018 1088 1072 numeratur.

26 1111 49 1149 10
61 1116 132 1158 nam
151 1104 278 1178 praeter
295 1096 426 1173 honores
444 1096 641 1176 amplissimos
660 1115 885 1177 cognomenque
903 1097 1091 1160 Macedonici

63 1206 78 1246 a
101 1194 252 1266 muner
273 1185 342 1246 tiliis
369 1185 478 1246 inlatus
501 1203 587 1266 rogo,
616 1205 677 1246 uno
700 1189 863 1269 praetorio,
893 1185 992 1248 tribus
1018 1205 1087 1247 con-

64 1275 233 1356 sularibus,
263 1273 380 1336 duobus
402 1273 645 1355 triumphalibus,
667 1293 727 1336 une
752 1277 902 1356 censorio,
928 1293 1005 1356 quae
1028 1279 1088 1336 sin·
1161 1337 1163 1342 .

64 1365 132 1442 gula
157 1381 280 1443 quoque
304 1365 407 1442 paucis
431 1365 591 1442 contigere.
625 1366 656 1425 in
679 1365 744 1444 ipso
762 1373 861 1425 umen
884 1365 958 1425 flore
978 1364 1140 1444 digna-143

65 1456 158 1514 tionis
194 1471 264 1512 suae
297 1451 334 1512 ab
367 1451 397 1512 C.
430 1451 528 1513 Atinio
560 1450 712 1534 Labeone,
753 1455 803 1514 cui
835 1468 999 1533 cognomen
1031 1454 1088 1515 fuit
1115 1459 1116 1462 ’

11 1555 51 1612 ,15
64 1541 241 1622 Macerioni,
262 1539 384 1601 tribuno
407 1540 511 1622 plebis,
539 1558 628 1619 quem
652 1559 668 1602 e
692 1549 796 1603 senatu
820 1559 928 1603 censor
951 1546 1089 1624 eiecerat,

64 1638 225 1692 revertens
248 1648 265 1690 e
289 1647 392 1708 campo
415 1629 578 1690 meridiano
601 1638 749 1712 tempore,
777 1649 869 1692 vacuo
893 1632 959 1692 loro
983 1640 1012 1694 et
1035 1632 1087 1693 Ca·

64 1719 173 1798 pitolio
197 1719 235 1779 ad
258 1711 418 1798 Tarpeium
441 1726 544 1797 raptus
566 1711 602 1779 ut
622 1721 883 1802 praecipitaretur,
914 1721 1087 1782 convolante

66 1809 192 1886 quidem
214 1815 276 1868 tam
299 1824 459 1869 numerosa
486 1805 535 1867 illa
563 1807 686 1868 cohorte
710 1825 788 1888 quae
807 1816 923 1889 patrem
946 1828 1015 1870 eum
1039 1827 1087 1889 ap·
1114 1881 1138 1894 -
1170 1865 1171 1870 ,

65 1896 206 1977 pellebat,
230 1895 292 1977 sed,
314 1902 348 1956 ut
371 1913 493 1956 necesse
515 1903 580 1956 erat
600 1898 633 1956 in
651 1895 760 1980 subito,
781 1898 865 1958 tarde
890 1907 920 1958 et
938 1906 1089 1976 tamquam

30 1997 53 2035 ²0
66 1988 98 2045 in
122 1987 295 2066 exsequias,
323 2003 392 2044 cum
414 1983 575 2045 resistendi
598 2003 742 2064 sacroque
766 1995 902 2048 sanctum
925 1987 1088 2068 repellendi

67 2077 115 2136 ius
138 2093 202 2135 non
226 2081 319 2155 esset,
348 2075 467 2134 virtutis
492 2091 563 2134 suae
587 2091 678 2153 opera
705 2081 736 2134 et
759 2093 902 2135 censurae
925 2077 1090 2156 periturus

67 2181 158 2242 aegre
177 2161 299 2223 hibuno
324 2164 375 2240 qui
397 2161 599 2223 intercederet
621 2169 741 2243 reperto
765 2181 781 2222 a
799 2163 900 2223 limine
923 2165 988 2243 ipso
1010 2179 1087 2223 mor-

65 2255 107 2312 tis
121 2258 290 2332 revocatuS,
310 2249 404 2310 alieno
418 2249 565 2310 beneficio
578 2259 683 2330 postea
697 2253 778 2332 vixit,
796 2250 883 2312 bonis
900 2252 970 2313 inde
989 2253 1078 2312 etiam
1090 2258 1142 2308 144

67 2342 254 2401 consecratis
277 2358 294 2399 a
317 2339 454 2399 damnato
478 2357 542 2421 suo,
564 2346 715 2418 tamquam
733 2357 840 2420 parum
860 2349 940 2401 esset
958 2341 1089 2401 lancium

30 2439 54 2479 2⁵
68 2435 153 2490 certe
180 2431 361 2489 intentarem
392 2429 585 2507 expressique
612 2446 668 2508 per
696 2446 783 2490 aures
813 2431 965 2509 sangtrinis
992 2425 1088 2510 poen'a

68 2525 181 2578 exacta.
235 2516 375 2596 equidem
407 2525 437 2576 et
466 2515 597 2577 Africani
630 2521 783 2596 sequentis
812 2519 967 2580 inimicum
996 2520 1093 2580 luisse

11 2617 13 2634 ⁴
67 2610 151 2668 inter
170 2605 352 2667 calamitates
371 2604 517 2686 duxerim,
539 2607 605 2684 ipso
623 2613 700 2666 teste
718 2607 918 2689 Macedonico,
940 2609 1088 2688 siquidem

69 2695 160 2756 dixit:
201 2696 250 2756 ite
272 2694 360 2775 titii,
387 2693 570 2755 celebrate
594 2698 799 2778 exsequias,
827 2714 1015 2776 numquam
1039 2698 1087 2757 ci-

68 2786 122 2844 ris
159 2785 308 2844 maioris
345 2783 453 2844 funus
490 2782 672 2844 videbitis.
730 2792 759 2845 et
791 2784 847 2846 hoc
882 2785 998 2846 dicebat
1029 2787 1096 2851 iam·

30 2871 236 2953 ancherus,
263 2871 455 2953 Diadematis,
481 2873 540 2932 iam
562 2870 771 2934 Macedonicus
797 2876 870 2952 ipse.
918 2892 1023 2935 rerum
1046 2882 1079 2936 ut
1090 2879 1141 2931 145

69 2961 119 3021 illa
142 2960 205 3020 sola
226 2961 336 3021 iniuria
358 2963 541 3041 aestimetur,
565 2963 631 3040 quis
652 2960 733 3021 bunc
755 2963 821 3022 iure
844 2961 963 3024 felicem
981 2963 1089 3024 dixerit

69 3049 271 3128 periclitatum
308 3049 344 3110 ad
375 3047 529 3109 libidinem
560 3051 688 3131 inimici,
724 3068 781 3111 nec
811 3050 943 3112 Africani
975 3051 1088 3133 saltem,

141 3273 214 3327 tab
232 3271 303 3328 noo.
322 3288 373 3327 om.
396 3273 424 3331 u.
489 3274 551 3329 tei
568 3276 598 3329 et
615 3273 723 3330 siRob.
751 3277 782 3330 et
797 3291 821 3330 r.
885 3275 993 3330 8dixit
1009 3280 1087 3330 Bur.

72 3347 161 3400 -xeret
183 3361 228 3398 rc.
320 3349 354 3399 10
375 3343 551 3400 Macedonici
574 3361 591 3400 a
612 3345 686 3401 Doti.
717 3344 795 3402 -onia
816 3346 933 3401 witti.
966 3346 1027 3401 -oni
1048 3349 1087 3402 αἱ.

72 3415 163 3471 -oniae
181 3414 225 3470 1².
254 3414 330 3470 -onie
348 3413 386 3469 ι’.
450 3421 482 3472 11
501 3417 642 3485 praetorio
658 3415 735 3472 Piut.
754 3417 805 3485 cfr.
818 3417 879 3473 Vol.
895 3417 977 3473 Mon.
993 3419 1052 3471 VII
1061 3424 1087 3473 1.

72 3487 140 3542 -orie
153 3487 199 3541 12¹.
223 3501 288 3543 one
302 3486 371 3540 Μ’.
395 3501 455 3542 ore
469 3485 595 3542 Finiat.
651 3494 684 3543 12
695 3493 768 3545 ·eotc
785 3487 893 3544 dnobus
911 3488 1014 3544 eccidit
1029 3489 1087 3557 fcr-

71 3564 139 3613 toste
155 3558 256 3628 iisque.
313 3561 346 3612 15
363 3557 518 3612 macerioni
535 3563 566 3612 B.
595 3559 668 3613 -onis
686 3577 709 3614 r.
770 3563 1088 3628 compunctaque

72 3629 170 3685 Ianus.
181 3627 306 3684 norff.
318 3645 364 3682 me
374 3629 464 3682 nort
476 3645 539 3683 -nee
547 3634 599 3684 Itd.
614 3632 1086 3685 execieeesebrc.·taesset1td1.

888 3717 926 3772 3*
