2594 3960
225 165 290 232 238
573 163 602 218 e.
621 163 719 218 emm
738 163 896 240 suenum

293 315 387 395 Caput
405 313 516 375 habent
534 322 643 375 cuneta
660 331 736 393 quae
756 316 939 394 sanguinem
970 315 1118 394 incapite
1139 315 1253 394 paucis

225 404 396 464 animalium
416 422 474 464 nec
497 405 556 464 nisi
578 401 748 463 volueribus
772 405 885 485 apices,
913 404 1024 465 diversi
1047 403 1172 482 padam
1197 421 1253 482 ge-

225 496 320 575 neris,
343 493 482 573 phoenici
503 491 673 572 plumarum
695 495 773 552 serie
797 511 813 552 e
837 491 934 553 medio
958 511 995 554 eo
1019 500 1150 554 exeunte
1179 493 1254 573 alio,

223 581 388 662 pavonibus
412 584 527 642 crinitis
551 581 730 662 arbusculis,
754 581 945 662 stymphalidi
965 584 1059 663 cirre,
1081 581 1254 661 phasianae

225 670 399 752 corniculis,
421 679 576 750 praeterea
599 688 705 751 parvae
729 673 774 730 avi
798 689 873 750 quae
897 670 933 731 ab
960 671 1012 731 illo
1039 671 1167 750 galerita
1196 683 1283 750 erp-5

80 807 82 810 -
224 761 331 840 pellata
360 759 523 842 quondam,
554 767 657 840 postea
687 759 797 820 Gallico
832 759 973 821 vocabulo
1009 762 1098 820 etiam
1131 759 1255 839 legioni

173 855 223 904 122
233 867 343 910 nomen
362 848 485 910 dederat
507 848 636 910 alendae.
664 848 793 920 diximus
813 857 846 910 et
869 851 919 910 oui
940 848 1101 928 plicatilem
1119 851 1255 910 cristam

186 931 357 1005 ¹didcdissot
386 945 500 999 natura.
536 955 600 1017 ,per
627 937 758 998 medium
779 948 870 1018 eaprtt
889 957 909 998 a
932 945 1030 998 rostro
1059 937 1254 999 residentem

224 1035 255 1088 et
278 1028 436 1088 fulicarum
463 1029 567 1106 generi
594 1027 688 1108 dedit,
715 1029 811 1086 cirros
839 1029 906 1106 pico
934 1043 1053 1106 qnoque
1077 1026 1185 1087 Martio
1220 1037 1255 1086 et

224 1119 292 1195 grui
323 1115 504 1196 Balearicae,
540 1114 593 1175 sed
624 1117 877 1194 spectatissimum
908 1117 1023 1194 insigne
1061 1115 1253 1198 gull'nraceiS,
1270 1133 1292 1166 1·

225 1201 417 1286 corporeum,
436 1211 593 1285 serratum,
612 1221 667 1264 nec
685 1222 806 1264 carnem
824 1207 859 1264 id
876 1223 941 1264 esse
959 1221 1016 1264 nec
1034 1203 1252 1283 cartilaginem

223 1313 279 1354 nee
303 1293 411 1356 callum
434 1295 500 1353 iure
523 1292 700 1373 dixerimus,
724 1311 828 1353 sertim
850 1292 1000 1372 peculiare
1022 1291 1134 1353 damna.
1174 1293 1250 1353 dra-

224 1399 333 1443 conum
357 1384 437 1442 enim
461 1383 567 1442 cristas
590 1384 642 1460 qui
665 1381 772 1442 viderit
795 1399 854 1441 non
876 1384 1037 1461 reperitur.

172 1481 223 1530 lea
292 1465 367 1553 (45)
383 1469 505 1532 torma
520 1469 621 1531 multis
634 1471 756 1549 quidem
771 1477 801 1530 et
815 1470 987 1549 aquatilium
1003 1478 1035 1530 ot
1054 1471 1251 1530 marinorum

223 1568 254 1619 et
277 1561 463 1638 serpentium
485 1561 574 1618 uariis
595 1560 663 1620 data
686 1569 757 1620 sunt
780 1559 885 1640 modis,
908 1559 961 1619 sed
984 1577 1059 1638 qliae
1082 1559 1150 1618 iure
1175 1572 1295 1619 cor-1⁵

175 1702 178 1708 .
222 1666 282 1708 nuo
305 1647 515 1726 intellegentur
537 1648 755 1727 quadripedum
777 1655 893 1708 tantum
912 1650 1022 1728 generi.
1059 1648 1250 1709 Actaeonem

224 1739 303 1797 enim
323 1744 352 1797 et
372 1735 478 1816 Cipum
496 1739 585 1796 mam
603 1739 635 1797 in
653 1735 735 1797 batia
755 1736 879 1798 historia
897 1737 1048 1798 fabulosos
1066 1753 1144 1796 reor.
1183 1755 1250 1797 nec

223 1825 292 1886 alibi
315 1827 409 1885 maior
432 1833 555 1885 naturae
574 1825 700 1886 lascivia.
747 1825 817 1887 lusit
840 1826 1010 1886 animalium
1033 1828 1132 1906 armis,
1156 1843 1248 1904 spar-

223 1917 263 1975 sit
284 1914 357 1975 haec
381 1917 412 1974 in
435 1932 543 1997 ramos,
566 1922 600 1974 ut
623 1933 789 1996 cervorum,
812 1915 877 1975 aliis
897 1914 1044 1994 simplicia
1066 1914 1183 1996 tribuit,
1208 1925 1249 1974 ut

222 2007 253 2064 in
273 2004 378 2064 eodem
396 2021 505 2083 genere
525 2002 723 2064 subulonibus
743 2023 779 2064 ex
797 2011 973 2083 argumento
992 2003 1087 2083 dietis,
1111 2002 1247 2063 aliorum
1264 2018 1291 2056 so

222 2093 299 2154 fudit
317 2095 348 2153 in
365 2093 478 2174 palmas
501 2092 669 2172 digitosque
689 2095 788 2154 emisit
806 2112 842 2153 ex
865 2095 915 2176 iis,
938 2093 1017 2154 unde
1040 2091 1248 2172 platycerotas

169 2191 345 2244 introcant.
390 2181 472 2243 dedit
495 2199 611 2241 ramosa
634 2183 762 2263 capreis,
785 2182 839 2242 sed
861 2199 963 2263 parva,
987 2199 1042 2242 nec
1066 2182 1137 2242 iecit
1160 2181 1247 2241 deci·

221 2272 292 2353 dua,
316 2270 472 2332 convoluta
495 2273 526 2332 in
549 2271 717 2332 arbactum
740 2273 868 2331 arietum
890 2273 1006 2353 generi,
1034 2288 1090 2330 ceu
1119 2278 1247 2330 caestus
1295 2268 1296 2341 l

221 2360 318 2442 daret,
341 2361 449 2421 infesta
471 2362 565 2421 tauris
590 2362 685 2420 -iu
709 2359 767 2420 hoc
790 2359 911 2439 quidem
933 2377 1042 2440 genere
1066 2367 1096 2419 et
1120 2360 1247 2421 leminis

221 2448 339 2528 tribuit,
356 2451 388 2510 in
406 2449 509 2510 multis
527 2456 643 2510 tantum
661 2447 794 2509 alaribus
810 2481 865 2530 -‚
884 2451 1050 2529 rupicapris
1066 2451 1100 2508 in
1113 2447 1245 2508 dorsum
1262 2465 1286 2503 ra

221 2537 347 2619 adunca,
376 2538 499 2598 dammis
522 2541 553 2599 in
582 2539 752 2619 adversum,
781 2547 880 2598 erecta
909 2546 1008 2600 antem
1035 2553 1244 2617 rugarumque

221 2625 342 2688 ambitu·
363 2634 499 2688 coritorta
529 2635 559 2688 et
588 2631 620 2687 in
650 2627 713 2688 leve
744 2627 894 2706 fastigium
925 2634 1061 2708 exacuta,
1096 2635 1129 2687 ut
1159 2626 1244 2706 lyras
1294 2647 1295 2676 τ

221 2715 378 2797 decerent,
414 2718 634 2797 strepsiceroti,
669 2734 759 2796 quem
794 2717 934 2777 addacem
968 2716 1067 2776 Africa
1101 2715 1243 2797 appellat,

171 2814 220 2862 125
231 2804 350 2865 mobilia
369 2803 482 2886 eadem,
500 2814 533 2867 ut
553 2823 649 2886 auree,
668 2804 812 2888 Phrygiae
831 2808 982 2888 ermentiS,
1001 2805 1242 2885 Trogodytarum

292 3011 508 3081 tstymphalidi
522 3013 580 3072 eod.
595 3011 662 3066 Dal.
690 3013 779 3068 -dett
852 3012 930 3066 oeni
943 3012 1058 3068 RHard.
1087 3013 1173 3067 uuir.
1293 3057 1294 3086 ,

222 3083 301 3138 teni
319 3086 393 3136 Rdo.
427 3083 473 3136 eui
491 3099 514 3137 r.
594 3089 627 3137 10
646 3083 866 3154 gruibaleerieee
884 3083 922 3136 1⁹
941 3084 995 3155 (ale
1013 3086 1046 3138 iu
1062 3085 1128 3152 me.)
1147 3083 1238 3138 Raab.
1293 3087 1294 3112 ¹

220 3154 335 3224 gruibus
354 3154 436 3223 (-uui-
454 3156 486 3222 n)
506 3153 599 3209 ericae
616 3171 639 3209 r.
724 3160 754 3208 11
774 3171 839 3209 nem
857 3155 901 3208 ltl.
928 3171 982 3210 nec
1001 3165 1154 3210 carnemt.
1180 3156 1184 3222 Ι
1207 3155 1239 3208 id

220 3241 281 3280 esse
294 3242 318 3281 o.
344 3225 386 3280 ite
400 3225 463 3296 (rite
477 3225 523 3294 κ’)
542 3241 645 3280 esser.
720 3232 752 3280 ta
770 3236 824 3280 nec
842 3225 947 3300 cellum
964 3243 989 3280 o.
1018 3243 1054 3280 ne
1072 3225 1177 3280 callum
1190 3227 1236 3279 ΒΞ.

219 3297 441 3424 lilialmntl
468 3297 933 3424 ttssffltotiefflfft,
945 3303 1166 3423 witae
1185 3314 1208 3351 '·
1231 3299 1235 3368 ¹

221 3445 255 3494 18
269 3411 428 3495 alibiildu.
443 3411 516 3494 'albi
534 3457 557 3495 r.
584 3457 636 3494 neo
651 3411 812 3494 albimeior
826 3411 941 3494 eleblt'..
1010 3445 1042 3494 19
1061 3410 1236 3494 raamos'itlt²
1292 3457 1293 3496 t

220 3511 342 3566 edBes.
372 3512 436 3565 -mis
455 3529 477 3564 r.
561 3516 602 3566 19.
613 3516 647 3565 20
667 3513 696 3564 et
712 3512 742 3565 in
761 3517 839 3564 iilia.
926 3517 959 3564 21
979 3510 1052 3564 fudit
1068 3510 1137 3563 112²
1156 3511 1185 3582 (d
1203 3512 1234 3565 itt

220 3585 295 3652 ras).
322 3582 396 3652 fugit
413 3589 464 3635 lto.
492 3581 555 3650 figit
572 3587 596 3635 d.
624 3582 705 3635 finxit
722 3600 746 3636 o.
767 3584 771 3652 t
791 3583 1001 3652 platycerontas
1019 3581 1063 3638 2⁹.
1091 3583 1233 3653 gerontas

219 3655 284 3707 But.
357 3658 392 3708 26
411 3652 530 3707 dammis
548 3668 598 3707 om.
617 3657 652 3706 it.
725 3659 759 3706 28
779 3654 962 3710 admodaoem
979 3654 1027 3707 11¹.
