2608 3958
200 157 242 221 10
543 155 571 210 d.
590 153 690 209 PLlNl
710 154 868 211 sncnnnl

141 317 175 365 36
263 299 299 368 4.
344 305 389 366 Ex
416 306 534 366 leminis
561 306 670 364 mutari
697 306 729 364 in
756 321 853 364 mares
881 321 942 364 non
965 312 1011 364 est
1033 303 1218 365 fabulosum.

194 397 361 455 invenimus
384 397 415 455 in
438 391 628 454 annalibus
648 395 681 454 P.
700 391 815 453 Licinio
835 392 941 453 Crasso
963 392 993 453 d.
1013 391 1114 453 Cassio
1133 391 1218 452 Lon-

194 486 264 563 gino
288 501 348 544 cos.
368 482 466 543 Casini
484 499 612 562 puerum
631 483 743 543 lactum
766 499 802 542 ex
820 484 934 560 virgine
953 480 1008 542 sub
1027 481 1219 562 parentibus',
1292 487 1293 530 l

194 575 338 650 iussuque
375 571 567 650 haruspicum
603 569 792 649 deportatum
826 572 857 630 in
894 570 1021 630 insulam
1052 571 1217 631 desertam.

194 660 361 720 Licinius
384 660 569 720 Mucianus
592 659 723 737 prodidit
745 661 842 719 visum
864 677 881 718 a
904 678 936 718 se
954 660 1041 738 Argis
1063 660 1244 720 dromon-⁵

194 758 269 829 tem,
301 752 350 810 oui
378 767 487 810 nomen
509 749 674 808 Arescusae
702 749 808 828 fuisse,
840 750 978 827 nupsisse
1007 750 1108 829 etiam,
1141 765 1218 808 mox

137 852 143 872 ·
194 837 317 898 barbam
340 845 370 918 et
388 838 558 898 virilitatem
576 839 749 916 provenisse
771 854 955 914 uxoremque
975 837 1103 897 duxisse.
1131 839 1216 897 eius-

195 927 262 986 dem
285 928 375 986 sortis
399 934 429 986 et
447 925 590 1005 Zmyrnae
608 943 736 1004 puerum
756 943 772 985 a
792 927 946 986 sevisum.
974 927 1037 1004 ipse
1060 927 1091 985 in
1111 924 1217 986 Africa

194 1014 253 1074 ridi
272 1023 420 1076 mutatum
441 1017 473 1075 in
491 1032 604 1075 marem
623 1017 795 1094 nuptiarum
814 1013 862 1073 die
877 1013 910 1073 L.
930 1013 1094 1074 Cossicium
1115 1015 1216 1074 civem
1293 1037 1294 1088 t

195 1103 437 1184 Thysdritanum,
461 1103 635 1182 vivebatque
659 1121 728 1164 cum
750 1103 909 1182 proderem
932 1103 1013 1163 haec.
1231 1116 1258 1155 1⁰
1293 1091 1294 1110 ¹

139 1205 174 1253 37
260 1240 357 1255 .....
390 1194 478 1258 editis
504 1194 630 1271 geminis
660 1209 758 1252 raram
788 1209 853 1251 esse
884 1199 935 1252 aut
963 1209 1128 1271 puerperae
1160 1199 1216 1251 aut

193 1285 354 1362 puerperio
385 1290 594 1361 praeterquam
627 1282 714 1341 alteri
745 1282 849 1361 vitam3
891 1283 917 1340 si
948 1299 1019 1340 vero
1051 1282 1214 1359 utriusque

194 1388 284 1430 sexus
307 1371 379 1430 editi
402 1373 462 1430 sint
485 1372 608 1450 gemini,
635 1372 780 1430 rariorem
802 1371 922 1449 utrique
946 1368 1079 1429 salutem.
1125 1369 1213 1428 lemi-

188 1476 247 1532 nas
271 1457 398 1518 celerius
421 1461 502 1537 gigni
525 1477 614 1537 quam
635 1477 746 1538 mares,
779 1460 868 1519 sicuti
891 1457 1019 1518 celerius
1043 1475 1213 1518 senescere.

194 1549 312 1625 saepius
339 1549 370 1606 in
398 1555 484 1607 utero
512 1549 625 1607 moveri
651 1564 761 1628 mares,
794 1555 824 1607 et
850 1549 882 1607 in
904 1547 1026 1607 dextera
1053 1547 1117 1606 lere
1144 1549 1214 1625 geri
1229 1560 1255 1600 15

194 1642 291 1716 parte,
313 1637 346 1694 in
368 1635 450 1695 laeva
473 1636 606 1696 seminas.
1294 1693 1295 1710 ,

137 1736 175 1784 38
261 1717 297 1785 5.
321 1717 372 1804 (4)
397 1723 512 1784 Ceteris
535 1723 733 1784 animantibus
757 1731 867 1784 statum
890 1731 919 1784 et
937 1723 1072 1802 pariendi
1094 1731 1125 1784 et
1142 1742 1211 1802 par·
1294 1711 1295 1746 ³

194 1819 243 1872 tus
266 1812 390 1890 gerendi
412 1820 531 1891 ternpus
554 1820 611 1893 est,
635 1812 723 1872 homo
742 1820 805 1872 toto
829 1831 905 1872 anno
929 1821 959 1873 et
979 1815 1093 1873 incerto
1115 1815 1210 1891 gigni·

135 1911 136 1915 ’
194 1908 244 1959 tur
267 1903 371 1982 spatio,
394 1900 469 1961 alius
492 1903 618 1980 septimo
642 1919 753 1982 mense,
777 1901 851 1963 alius
874 1909 976 1962 octavo
1000 1909 1030 1962 et
1052 1919 1148 1979 usque
1173 1902 1209 1961 ad

193 1989 312 2049 initium
335 1990 492 2050 undecimi.
535 1996 601 2050 ante
626 1993 786 2069 septimum
809 2009 943 2050 mensem
965 1989 1043 2050 hand
1067 2007 1211 2069 umquam
1226 2005 1253 2044 20

193 2077 289 2138 vitalis
313 2087 367 2140 est.
399 2080 526 2158 septimo
549 2097 609 2138 non
631 2081 689 2138 nisi
707 2079 804 2158 pridie
822 2084 979 2157 posterove
997 2079 1142 2159 pleniluni
1161 2079 1211 2139 die
1295 2135 1296 2178 p

138 2178 174 2228 39
194 2174 245 2226 aut
267 2167 428 2228 interlunio
452 2170 590 2247 concepti
612 2175 784 2228 nascuntur.
822 2167 1000 2227 tralaticium
1023 2169 1053 2227 in
1077 2166 1210 2247 Aegypto

193 2263 239 2316 est
262 2263 293 2316 et
315 2264 418 2316 octavo
442 2258 530 2336 gigni.
572 2259 631 2316 iam
654 2255 774 2334 quidem
797 2263 827 2316 et
849 2258 881 2316 in
903 2255 986 2316 ltalia
1008 2256 1082 2316 tales
1104 2264 1210 2335 partus
1295 2249 1296 2322 ἶ

193 2362 258 2404 esse
282 2344 385 2405 vitales
408 2352 512 2406 contra
529 2347 698 2424 priscorum
721 2347 884 2424 opiniones.
917 2348 1030 2405 variant
1052 2344 1125 2404 haec
1144 2345 1208 2424 plu-

192 2431 276 2492 ribus
300 2433 404 2494 modis.
431 2433 543 2494 Vistilia
567 2431 636 2493 Gliti
660 2452 693 2493 ac
716 2440 819 2513 postea
842 2433 987 2512 Pomponi
1010 2441 1097 2512 atque
1122 2432 1208 2494 Orfiti
1224 2448 1251 2488 2⁵

193 2518 426 2582 clarissimorum
445 2525 554 2582 civium
572 2525 702 2582 coniunx
720 2541 756 2582 ex
775 2522 821 2582 his
841 2529 982 2600 quattuor
999 2530 1103 2602 partus
1123 2524 1209 2583 enixa

193 2610 319 2686 septimo
344 2627 462 2689 semper
484 2628 599 2690 mense,
622 2613 725 2689 genuit
749 2610 886 2672 Suillium
907 2611 1018 2672 Rufum
1040 2611 1208 2691 undecimo,

194 2693 393 2758 Corbulonem
420 2701 560 2780 septimo,
589 2707 750 2779 utrumque
780 2698 946 2779 consulem,
975 2706 1079 2778 postea
1102 2698 1206 2760 Caeso·

138 2797 175 2846 40
193 2787 273 2845 niam
287 2784 344 2847 ,Gai
366 2789 510 2866 principis
534 2790 690 2867 coniugem
713 2797 824 2848 octavo.
857 2790 888 2848 in
911 2806 970 2866 quo
994 2805 1130 2848 mensum
1153 2806 1207 2850 nu·

265 3063 330 3117 21².
348 3079 373 3118 e.
398 3063 465 3118 Oli.
485 3079 535 3120 om.
552 3064 582 3117 α’
600 3066 632 3118 in
649 3081 705 3119 ros.
724 3065 755 3130 Q.
771 3065 875 3119 Gellius
890 3067 936 3115 IX
948 3069 1032 3132 4‚15.
1105 3066 1207 3121 5Are-

193 3135 319 3188 soonlem
336 3150 361 3191 e.
386 3135 551 3190 aristoniom
570 3137 597 3191 ll.
653 3141 669 3189 9
689 3135 837 3190 cossinium
854 3140 908 3188 led.
932 3136 1015 3190 -iium
1034 3135 1139 3191 Gellius
1158 3139 1174 3192 l.
1188 3139 1205 3193 l.

193 3205 343 3260 consitium
361 3222 384 3260 r.
403 3206 477 3260 Detl.
568 3213 601 3261 10
628 3207 795 3275 vivebatque
823 3237 857 3246 -
884 3207 956 3262 haec
977 3223 1025 3276 epo
1047 3207 1154 3262 inserui
1174 3225 1207 3264 ec

193 3276 277 3331 Gellii
296 3277 313 3332 l.
333 3277 350 3331 l.
374 3277 426 3344 cfr.
446 3278 504 3331 Uel.
522 3279 597 3332 vind.
615 3294 644 3333 n.
653 3282 716 3333 153.
806 3283 838 3331 11
858 3278 987 3332 lacunam
1004 3295 1052 3348 epo
1069 3279 1206 3346 indicavi,-

192 3349 358 3402 tammum
375 3349 491 3415 fortasse
508 3348 673 3403 Aristoteles
691 3349 785 3403 tradit.
845 3355 878 3404 16
897 3347 1014 3402 feminas
1033 3351 1145 3403 constet
1161 3354 1205 3406 rio.

246 3418 412 3473 minicium
431 3425 461 3473 li.
486 3419 539 3472 -nia
556 3436 600 3473 ro.
627 3422 631 3488 Ι
655 3419 756 3473 undeei
773 3420 818 3474 12¹.
842 3419 943 3473 decimi
962 3418 999 3472 α’.
1071 3425 1105 3474 st
1125 3423 1205 3476 uesti-

192 3489 232 3544 lia
250 3489 329 3544 Μ’.
353 3490 423 3560 -igia
441 3490 479 3544 «12.
500 3493 504 3559 Ι
525 3489 589 3560 gliti
606 3495 662 3543 Dr.
685 3489 753 3559 glici
771 3496 802 3544 E.
826 3490 894 3544 cdiii
911 3489 942 3542 α’
956 3491 987 3544 in
1004 3507 1059 3546 ros.
1083 3492 1156 3562 gluti
1168 3493 1204 3548 d¹.

193 3561 252 3629 gaii
269 3561 307 3615 «1².
333 3560 384 3627 cfr.
402 3562 475 3616 Deli.
495 3577 562 3616 mus.
580 3560 668 3615 Rhea.
691 3563 797 3614 XVIII
805 3565 913 3630 p.230.
998 3566 1032 3615 28
1056 3563 1205 3618 corbulone

192 3632 237 3686 12².
267 3649 314 3686 -no
332 3633 377 3686 2¹.
406 3648 470 3686 noe
489 3632 531 3684 1²¹.
560 3647 659 3685 o-nae
678 3630 719 3684 Ρ,
748 3630 834 3686 -lione
853 3649 876 3684 e.
