2610 3960
321 155 407 211 Nan.
426 155 519 210 fflsn.
538 155 591 209 ΧΠ
611 161 714 212 15-17
734 156 860 224 (ea-ae)
1035 155 1135 220 neti.

69 305 227 387 probatur
249 306 446 385 Trogodytica
469 304 651 384 pinguedine
678 312 708 365 et
731 304 811 384 quod
839 311 962 384 aspectu
990 305 1101 366 aridior

70 405 123 458 est
150 396 331 474 sordidaque
356 413 390 455 ae
416 392 555 476 barbara,
586 392 637 454 sed
667 395 765 455 acrior
793 396 902 456 ceteris
931 395 1100 474 praedictis,

71 484 281 546 Sambracena
300 491 368 545 ante
393 483 464 544 alias
486 482 599 563 hilaris,
623 483 675 544 sed
698 482 812 543 viribus
834 485 943 544 tenuis.
985 486 1016 545 in
1039 484 1100 564 ple·
1120 493 1155 544 70

69 591 154 636 num
177 581 278 635 autem
300 571 436 653 probatio
461 579 506 632 est
529 573 653 632 minutis
676 570 788 651 glaebis
811 590 867 633 nec
891 572 1042 655 rotundis,
1069 575 1102 633 in

44 671 227 724 econcretu
251 661 406 722 albicantis
429 663 495 722 suci
518 668 549 721 et
571 659 767 742 tabescentisy
794 667 887 740 utque
911 662 1006 722 lracta
1034 680 1101 723 can·
1153 706 1159 714 .

70 753 168 813 didos
191 769 308 830 ungues
331 749 447 832 habeat,
470 756 560 828 gustu
583 749 692 811 leniter
714 767 820 810 amara.
863 749 994 811 secunda
1016 749 1101 811 boni-

70 852 122 903 tas
150 841 368 921 temerariae,
395 841 583 919 pessimaque
607 840 688 899 intus
712 841 810 919 nigra,
836 841 934 920 peior,
963 841 989 899 si
1012 841 1102 900 etiam

71 932 163 991 ioris.
219 931 316 1009 pretia
349 947 386 989 ex
417 929 573 989 occasione
607 929 771 989 ementium
807 929 904 1009 varia,
941 935 1053 989 stactae
1086 946 1101 988 a

72 1019 99 1078 ll
122 1033 167 1080 111
192 1017 228 1078 ad
252 1017 329 1100 lin,
352 1019 461 1078 sativae
485 1033 635 1077 summum
658 1015 749 1098 lixi,
772 1015 952 1096 Erythraeae
976 1031 1039 1078 xvi
1059 1049 1101 1059 -—

34 1109 159 1168 rabano
188 1107 292 1168 volunt
318 1104 474 1167 Arabicam
504 1105 637 1185 intellegi
665 1139 721 1187 —-,
752 1105 966 1186 Trogodyticae
995 1105 1101 1166 nucleo

71 1211 143 1258 xvl
169 1197 200 1278 S,
223 1198 251 1256 ei
274 1213 345 1256 vero
369 1212 459 1274 quam
481 1194 649 1255 odorariam
671 1202 787 1275 vocant,
810 1209 871 1255 ΧΠ.
917 1193 1102 1256 adulteratur
1121 1203 1154 1252 71

72 1287 200 1347 lentisci
223 1283 334 1364 glaebis
362 1292 392 1345 ct
415 1285 539 1366 cummi,
566 1286 639 1345 item
663 1285 832 1344 cucumeris
860 1301 933 1344 suco
963 1286 1102 1344 amaritu-

73 1375 160 1436 dinis
185 1392 287 1457 causa,
315 1376 394 1434 sicut
416 1372 558 1452 ponderis
586 1389 691 1452 spuma
719 1374 843 1452 argenti.
889 1371 1005 1452 reliqua
1031 1373 1102 1432 vitia

74 1462 350 1544 deprehenduntur
378 1479 497 1543 sapore,
526 1463 652 1522 cumnris
681 1462 769 1523 dente
799 1461 977 1522 lentescens.
1022 1460 1102 1520 lalla-

34 1553 202 1614 ocissime
221 1559 321 1613 autem
344 1550 530 1612 adulteratur
552 1549 653 1611 lndica
676 1569 787 1632 murra,
811 1569 886 1630 quae
910 1549 1007 1611 ibide
1032 1567 1102 1628 qua-

75 1641 149 1703 dam
175 1643 260 1721 spina
283 1639 440 1720 colligitur.
481 1639 539 1700 hoc
562 1639 660 1700 solnm
682 1641 768 1719 peius
787 1638 870 1700 India
894 1638 999 1720 adiert,
1023 1637 1103 1722 facili
1184 1708 1186 1712 ¹

75 1731 288 1811 distinetione,
311 1737 394 1790 tanto
418 1729 550 1789 deterior
573 1735 627 1789 est.

151 1813 210 1881 17.
239 1812 313 1900 (36)
342 1817 421 1897 Ergo
449 1819 557 1878 transit
584 1819 616 1876 in
644 1819 809 1878 mastichen
834 1835 909 1896 qnae
935 1825 965 1878 et
989 1835 1025 1877 ex
1048 1816 1102 1877 alia
1121 1823 1155 1882 72

76 1911 168 1990 spina
191 1908 225 1968 fit
246 1909 278 1967 in
301 1906 383 1968 lndia
405 1908 538 1986 itemque
561 1908 592 1967 in
616 1904 737 1988 Arabia3
759 1907 867 1966 lainam
889 1914 1004 1966 vocant.
1050 1906 1103 1966 sed

35 1997 228 2058 aemastiche
252 2000 371 2076 qu‘oque
395 1997 511 2074 gemina
535 2001 590 2076 est,
614 1996 753 2074 quoniam
777 2002 807 2056 et
829 1997 860 2054 in
880 1993 948 2054 Asia
967 1993 1102 2065 Graecia·

78 2105 140 2167 que
165 2087 318 2165 reperitur
345 2084 438 2146 herba
465 2103 488 2144 a.
509 2084 610 2144 radice
637 2083 706 2145 lolia
735 2085 873 2144 emittens
901 2090 932 2143 et
959 2083 1103 2145 carduum

78 2175 211 2236 similem
233 2174 324 2257 malo,
346 2175 469 2235 seminis
491 2173 614 2254 plenum
637 2190 671 2233 ac
693 2172 846 2253 lacrimae,
874 2189 949 2251 qnae
973 2174 1104 2252 erumpit

78 2267 177 2325 incisa
195 2271 281 2343 parte
300 2280 429 2343 summa,
451 2264 500 2322 vix
518 2269 552 2323 ut
571 2264 686 2325 dinosci
704 2263 800 2342 possit
822 2280 839 2321 a
858 2261 1001 2322 mastiche
1024 2279 1103 2321 vera.

79 2371 138 2414 nec
163 2369 225 2414 non
249 2359 279 2413 et
301 2354 389 2413 tertia
413 2354 444 2411 in
467 2351 563 2412 Ponto
588 2359 647 2433 est,
675 2350 815 2412 bitumini
838 2349 977 2431 similior,
1003 2349 1102 2411 lauda·

155 2576 372 2646 1trogodytica
390 2579 415 2629 d.
444 2592 506 2630 -cae
524 2581 554 2629 D.
584 2575 681 2630 -ditico
700 2575 738 2629 2¹.
767 2575 821 2629 -ice
840 2574 877 2629 a¹.
903 2575 907 2645 Ι
932 2575 1104 2645 pinguedine

80 2647 285 2704 edd.aoteGel.
314 2647 370 2700 -nis
388 2651 434 2700 aa.
463 2645 559 2700 -idinis
577 2653 608 2700 1).
636 2646 745 2701 -tudine
763 2644 871 2701 eddel.
947 2647 1028 2700 nest
1045 2646 1103 2700 a²u

81 2735 133 2774 om.
152 2735 176 2772 r.
286 2725 341 2773 23
364 2717 524 2788 praedictis.
553 2717 741 2772 Sambracena
759 2733 814 2786 epo.
847 2716 938 2771 samb·
957 2715 1057 2786 (semb
1077 2717 1103 2784 d)

80 2788 183 2860 praed·
201 2789 288 2845 1³¹2&
318 2789 410 2843 semb·
423 2788 522 2859 praed·
537 2790 615 2842 cerei
628 2787 705 2842 uitiis
718 2787 783 2842 n³o.
814 2787 910 2842 Samb-
925 2786 1105 2858 praedicatur

81 2861 157 2916 Detl.
231 2862 297 2915 oet
312 2860 483 2916 tabescentis
496 2858 560 2913 nlo.
590 2861 619 2912 et
636 2859 714 2913 teue-
734 2858 771 2912 αἱ.
799 2860 839 2913 -be
859 2858 896 2913 αἳ.
925 2861 954 2914 et
973 2873 1104 2912 euescen·

81 2936 126 2986 tes
145 2931 189 2987 12¹.
220 2932 274 3003 sisu
291 2931 417 2986 uescenti
435 2934 459 2985 d.
486 2932 490 2999 Ι
514 2929 612 2998 utique
631 2929 669 2983 α’.
696 2929 804 2998 busque
823 2929 860 2983 (1¹.
889 2929 939 2985 del.
959 2929 996 2983 (1².
1088 2935 1104 2984 t

81 3003 180 3058 aenne
198 3003 339 3058 neaeet.
368 3002 406 3056 -ie
424 3005 449 3056 d.
478 3001 518 3056 -ia
536 3019 560 3054 a.
586 3003 591 3071 l
615 3001 793 3071 pessimeque
811 3005 863 3084 lid:
892 3017 951 3054 -ma
969 2999 1104 3054 πάθεϊ.
1149 3003 1152 3011 ‘

82 3071 672 3227 {craterense-atace
690 3069 1105 3210 erere-ere

83 3221 185 3270 send.
214 3216 286 3270 XIV.
303 3217 393 3271 sno.
421 3215 561 3270 XIIIems
577 3214 751 3269 coddBarb.
779 3211 1101 3283 mitescereret!

83 3287 137 3341 llll
155 3287 306 3342 1>¹inraa
339 3286 404 3340 XIV
418 3291 484 3341 ado.
585 3292 619 3340 14
642 3285 823 3341 lentescentis
843 3283 1104 3340 a’edd.anteBrot.

166 3363 201 3412 18
219 3357 378 3413 mastichen
390 3359 431 3414 ed.
442 3357 500 3413 eet.
533 3357 609 3413 -icen
626 3359 655 3411 ll.
688 3357 773 3412 -icem
786 3357 920 3412 otaaoe
930 3354 987 3411 eet.
1070 3360 1104 3408 19

83 3429 117 3483 fit
130 3433 178 3484 dv:
206 3429 244 3507 sii
256 3436 287 3484 1).
316 3429 364 3484 siit
378 3448 402 3483 a.
475 3433 510 3484 20
528 3429 667 3483 mastiche
682 3426 869 3512 adelini).
899 3427 983 3481 -ehen
996 3431 1031 3481 Ι.
1060 3441 1105 3480 ·oe

84 3517 107 3556 r,
181 3506 215 3555 22
235 3500 356 3556 similem
372 3501 459 3555 nuo.
489 3499 527 3554 -le
546 3502 626 3568 Hc!
653 3504 870 3555 colomeo.
891 3496 1105 3566 {lacrimaeque

83 3571 150 3626 tw.
179 3587 292 3640 meque
312 3571 455 3628 stenaro.
529 3575 563 3626 23
582 3570 691 3625 dinosci
709 3571 877 3626 Bcddeett.
905 3567 934 3622 id
947 3585 977 3622 n·
992 3574 1043 3623 Ite.
1073 3567 1102 3621 id
1218 3618 1222 3626 ,

84 3643 145 3697 din·
165 3647 188 3696 d.
215 3644 219 3710 Ι
243 3643 334 3712 possit
350 3648 405 3698 Bo.
435 3645 490 3698 -set
507 3659 530 3698 r.
604 3648 639 3696 24
657 3640 803 3696 bituminis
822 3644 888 3695 ade.
