2610 3960
347 113 432 168 nar.
451 113 544 168 mss.
564 114 630 168 xru
649 121 666 168 4
685 117 776 196 (3-3)
1010 117 1074 182 321

49 267 116 326 fert
140 264 282 325 omnibus
305 263 462 342 saporibus
486 280 575 341 quam
598 273 704 325 vocant
727 264 841 326 dablan.
888 273 989 326 cetere
1013 269 1077 328 sine

50 353 190 415 maribus
221 371 283 414 nnn
310 355 432 432 gignere
460 352 586 413 feminas
614 363 719 433 sponte
748 354 827 415 edito
858 373 980 416 ncnrcre
1009 375 1077 417 con·

49 445 191 523 firmant,
221 445 361 522 circaque
390 439 523 521 singulos
550 441 652 521 plures
680 449 785 504 nutare
813 446 845 504 in
873 463 942 506 eum
969 465 1078 525 pronas

50 530 264 592 blandioribus
288 532 390 592 comis.
435 529 520 590 illum
549 533 657 592 erectis
684 531 836 612 hispidum
863 533 972 594 adflatu
999 538 1077 595 visu·
1096 541 1130 590 35

20 633 115 700 aque
134 623 201 700 ipsc
226 628 257 681 et
274 619 397 701 pulvere
421 622 511 681 etiarn
533 619 664 698 reliquas
687 623 835 704 maritare,
857 622 947 684 huius
971 623 1077 684 arbore

51 713 156 771 excisa
190 710 309 771 viduvio
341 715 410 788 pest
446 707 634 769 sterilescere
672 710 805 771 seminas.
861 711 999 791 ’adeoque
1032 723 1078 774 est

50 801 177 860 veneris
199 798 370 860 intellectus
393 805 427 858 nt
450 799 547 859 coitus
570 800 660 858 etiarn
688 801 871 878 excogitatus
900 803 938 860 sit
966 801 1001 862 ab
1025 801 1076 861 lm·

53 891 136 949 mine
167 906 183 948 e
212 887 345 949 maribus
372 887 446 948 llere
474 905 508 947 ac
535 886 687 970 lanugine,
715 889 836 950 interim
864 906 933 950 vero
962 897 1078 951 tantum

52 978 181 1057 pulvere
205 979 343 1057 insperso
366 977 493 1037 leminis.

11 1083 38 1122 m
125 1059 189 1149 (8)
228 1065 377 1126 Semnan
407 1073 506 1126 antem
536 1065 649 1145 palmae
679 1075 709 1125 et
731 1073 839 1127 trunco
870 1067 963 1128 duum
993 1067 1074 1128 cubi-
1095 1076 1130 1124 33

52 1165 159 1216 tcrnrn
183 1155 384 1236 longitudine,
413 1153 577 1214 acerebrc
601 1157 666 1233 ipso
696 1154 811 1215 arboris
840 1157 955 1216 fissuris
984 1156 1077 1218 diviso

52 1253 146 1324 atque
171 1243 300 1304 delesse.
345 1251 376 1304 et
403 1243 439 1303 ab
467 1243 566 1304 radice
595 1243 712 1320 avulsae
739 1244 835 1304 vitalis
864 1254 910 1305 est
938 1254 1020 1305 satus
1048 1254 1078 1305 ct

9 1345 10 1354 ’
52 1347 211 1394 ramorum
230 1334 409 1394 tenerrimis,
454 1334 486 1392 in
505 1333 623 1412 Assyria
646 1334 710 1411 ipsa
725 1350 849 1412 queque
873 1333 962 1394 arhor
985 1341 1078 1394 strata

52 1426 84 1483 in
110 1421 177 1483 selo
200 1421 301 1482 umido
325 1429 386 1482 tcta
410 1421 573 1501 radicatur,
597 1421 703 1481 sedin
727 1423 865 1504 fruticeS,
894 1441 954 1482 non
976 1425 1007 1483 in
1030 1442 1075 1482 ar-

15 1527 39 1567 15
53 1512 172 1572 horem.
210 1529 280 1590 erge
304 1510 448 1590 plantaria
471 1512 633 1570 instituunt
656 1510 867 1590 anniculasque
892 1512 1077 1572 transierunt
1095 1519 1129 1569 37

53 1610 84 1662 et
114 1603 227 1661 iterum
255 1599 358 1660 himas.
409 1599 538 1678 gaudent
566 1601 645 1658 enim
673 1591 957 1681 mutationc'sedis,
987 1619 1076 1660 verita

53 1689 141 1770 alibi,
169 1691 201 1748 in
224 1689 343 1768 Assyria
367 1695 466 1748 autem
490 1690 568 1748 circa
592 1689 674 1748 canis
702 1697 794 1749 altars.
841 1708 897 1749 nec
925 1691 1005 1749 ferro
1035 1698 1076 1749 at·

53 1781 179 1858 tingunt
201 1777 243 1838 ibi
265 1777 408 1859 rrnvcllaS,
433 1777 485 1838 sed
509 1776 634 1856 religant
658 1795 756 1837 cernas
780 1780 868 1838 utin
891 1778 1077 1838 altitudinem

54 1875 174 1928 exeant.
212 1866 351 1927 robustas
371 1867 514 1946 deputant
533 1865 738 1926 crassitudinis
756 1869 859 1946 gratia,
882 1867 1076 1947 semipedales

14 1974 212 2018 caramerum
244 1963 368 2016 truncos
399 1955 618 2035 relinquentes,
655 1957 707 2033 qui
744 1955 837 2016 decisi
869 1955 938 2015 alibi
970 1963 1077 2015 necant

52 2054 193 2108 matrem.
239 2045 368 2105 diximus
391 2044 500 2104 salsum
525 2043 560 2104 ab
585 2043 631 2103 his
654 2043 751 2104 solnm
774 2043 864 2122 diligi.
910 2062 995 2124 ergo,
1023 2043 1075 2104 ubi
1096 2050 1131 2098 33

54 2154 117 2196 non
142 2142 189 2194 est
211 2133 278 2214 tale,
301 2133 392 2194 salem
415 2141 589 2213 aspergunt,
612 2150 673 2192 non
696 2131 859 2212 radicibuS,
882 2133 934 2192 scd
957 2132 1075 2211 longius
1095 2117 1122 2158 ²⁸

54 2223 154 2304 pardo.
194 2223 337 2302 quaedam
360 2221 495 2301 insyria
520 2230 550 2282 et
567 2223 699 2301 Aegypto
722 2223 753 2281 in
777 2221 862 2282 binos
886 2240 918 2281 se
942 2220 1077 2281 dividant

55 2323 197 2393 tranem,
228 2314 259 2371 in
288 2310 375 2372 Creta
404 2318 434 2371 et
461 2313 491 2391 in
519 2319 635 2391 ternos,
668 2309 871 2389 quaedamque
900 2318 930 2370 et
960 2311 1076 2389 quinos.

19 2419 42 2460 aa
56 2403 161 2463 ierunt
185 2403 284 2461 statim
307 2403 338 2460 in
362 2402 482 2461 trimatu
506 2403 537 2460 in
556 2399 666 2479 Cypro,
689 2417 792 2460 verum
811 2399 922 2479 Syriae,
945 2399 1076 2479 Aegypto

56 2491 246 2572 quadrimae,
278 2489 350 2549 aliae
381 2491 605 2569 quinquenium,
637 2488 790 2548 altitudine
820 2488 963 2569 hominis,
995 2487 1075 2548 nullo

55 2584 139 2641 intus
163 2581 245 2659 pomi
266 2578 347 2657 ligno
371 2578 512 2656 quamdiu
536 2585 606 2638 sum
630 2577 774 2658 novellae,
797 2575 835 2636 nb
858 2577 889 2636 id
912 2576 1076 2655 spadonum

57 2676 183 2748 accepto
208 2669 335 2727 nomine.

126 2751 179 2840 (9)
204 2756 320 2817 Genera
343 2774 446 2816 aarum
469 2755 569 2817 multa.
611 2754 761 2816 sterilibus
785 2755 822 2815 ad
845 2756 983 2815 materias
1007 2773 1075 2833 ope·
1095 2761 1129 2810 33

131 2895 267 2948 3nntare
285 2898 370 2946 ulle.
403 2893 519 2945 naturae
538 2907 560 2944 r.
670 2890 818 2945 tviduvio
837 2892 907 2945 coni.
923 2889 984 2945 Sili.
1017 2889 1077 2943 nidi

58 2966 106 3021 uui
126 2970 193 3020 o-B.
226 2963 341 3018 biduano
360 2970 390 3018 n.
423 2962 490 3017 -duo
510 2961 561 3014 ad²
596 2963 664 3017 oin
681 2963 751 3029 ras.)
770 2961 844 3018 uid..
863 2966 897 3016 ll.
934 2961 1033 3016 viduas
1052 2979 1076 3015 v.

132 3042 167 3090 10
185 3037 286 3090 tranen
305 3036 366 3090 erat
383 3039 414 3088 B.
488 3039 521 3086 12
540 3033 575 3088 de
588 3050 651 3087 osso
669 3038 753 3088 nu
782 3032 867 3088 -fesso
885 3032 971 3086 wad.
1001 3033 1076 3086 -fisso

57 3109 101 3162 D2.
187 3113 221 3161 14
239 3105 336 3161 umida
354 3112 383 3160 Il.
416 3105 466 3158 hu·
486 3124 510 3158 a.
593 3111 626 3159 16
644 3103 725 3158 binas
743 3111 794 3158 Da.
822 3103 951 3158 habimus
969 3109 1001 3157 lt.

60 3187 101 3235 16.
119 3185 153 3233 l‘l
174 3177 247 3233 sedis
264 3175 440 3242 vernswalibi
457 3194 482 3231 v.
516 3175 589 3230 sedis
609 3177 692 3246 (senis
710 3177 743 3246 B)
762 3191 850 3229 uerna
869 3175 937 3228 alibi
956 3174 1014 3243 t-be
1033 3173 1075 3228 11¹.

60 3250 150 3306 sabile
170 3251 200 3317 ι)
218 3249 313 3306 lawa.
346 3247 395 3302 aed
413 3246 457 3301 his
476 3263 563 3302 uerna
581 3247 669 3302 salibe
688 3252 712 3302 d.
751 3247 800 3301 sed
821 3247 939 3300 hiberna
957 3245 1022 3299 niue
1040 3251 1076 3300 Μ.

59 3320 200 3377 uenerbili
216 3319 260 3372 nl.
316 3382 319 3388 ¹
352 3325 385 3373 19
404 3319 520 3374 robusta
537 3323 610 3372 ned.
701 3324 735 3372 23
754 3317 784 3371 in
803 3319 925 3387 aegypto
943 3321 996 3370 Rd.

60 3400 95 3447 24
115 3391 310 3460 etinqninos
329 3408 375 3445 aa.
453 3396 486 3444 25
505 3389 710 3444 feruntlladc.
730 3395 829 3445 omn.
862 3387 1078 3458 q3damferu1rt

58 3470 91 3520 Β.
122 3467 126 3528 l
157 3464 220 3518 dist.
243 3475 291 3532 eqd
313 3463 372 3517 coll.
395 3463 526 3532 Theonda.
546 3462 627 3529 apt
643 3463 754 3527 1137.
785 3461 789 3528 Ι
821 3476 919 3512 verum
937 3474 992 3528 eqo.
1025 3459 1075 3524 cfr.

60 3536 81 3607 ἕ
94 3539 142 3591 97.
175 3550 242 3589 uero
261 3536 367 3602 ires}
394 3534 484 3604 syriae
504 3534 677 3602 (cartainse.
697 3533 771 3600 suni)
789 3537 824 3584 lt.
858 3530 898 3583 -ia
915 3547 960 3584 ru.
983 3530 987 3596 Ι
1012 3529 1076 3583 dict.

62 3607 118 3677 eye.
193 3611 228 3660 29
247 3611 410 3675 genera—5
429 3611 463 3660 42
483 3621 518 3658 ex
535 3603 618 3656 huius
636 3606 675 3672 (ρ,
690 3603 817 3668 32323)
837 3618 887 3656 om.
906 3605 937 3653 n.

101 3697 184 3739 „Parae
197 3705 254 3736 nnn.
267 3705 330 3736 nter.
357 3695 389 3735 11.
881 3695 914 3742 21

1260 2939 1271 2966 0
