2624 3954
346 123 432 180 NAT.
450 121 544 178 HIST.
563 123 628 179 xm
647 131 718 180 a-a
738 125 829 195 (4-7)
1032 123 1098 188 319

84 272 199 333 fruatur
223 289 259 332 ex
282 280 409 351 utraque
439 263 523 352 parte
552 291 670 353 corpus
716 271 748 334 L.
771 271 913 355 Plotium,
941 271 973 334 L.
996 273 1098 335 Planci

83 360 128 421 bis
151 360 282 423 consulis
306 363 499 441 censorisque
518 362 650 444 fratrem,
672 364 875 442 proscriptum
898 380 915 423 a
933 364 1097 425 triumviris

81 453 112 510 in
141 449 328 511 Salurnitana
356 449 468 512 latebra
495 452 642 530 unguenti
669 451 760 512 odore
790 451 942 531 proditum
972 460 1098 533 constat,

82 557 140 618 quo
171 538 317 600 dedecore
347 546 409 601 tota
438 539 576 600 absoluta
601 542 781 620 proscriptio
812 549 865 602 est.
918 543 985 628 quis
1018 542 1097 601 enirn
1153 577 1159 586 ·

54 630 142 689 anon
164 629 272 690 merito
295 627 408 690 indicet
429 630 545 709 perisse
568 626 664 690 tales?
910 695 911 698 ,

148 710 209 800 (6)
252 715 360 778 Cetcro
394 725 543 778 terrarum
577 720 711 780 omnium
746 716 895 798 Aegyptus
930 735 1094 779 accommo·
1114 727 1147 777 26

79 807 231 868 datissima
263 808 439 890 unguentis,
476 805 512 867 ab
542 825 577 867 ea
608 805 768 888 Campania
800 816 845 868 est
881 809 965 887 copia
1001 825 1095 868 rosae.

78 891 113 957 4.
137 894 244 956 iudaea
266 912 338 955 rero
360 895 472 957 incluta
495 903 541 957 est
564 895 610 956 vel
633 899 726 976 magis
748 896 868 978 palmis,
895 913 1022 975 quarum
1045 913 1095 956 na·

79 992 147 1044 tura
171 1001 251 1045 niuno
275 984 399 1045 dicetur.
445 992 516 1045 sunt
539 985 659 1064 quidem
688 993 718 1046 et
744 988 777 1046 in
799 984 920 1065 Europa
947 985 1095 1064 vulgoque

37 1073 171 1154 uitalia,
195 1073 246 1134 sed
266 1073 392 1134 steriles
430 1073 532 1134 ferunt
554 1077 585 1134 in
604 1076 760 1136 maritimis
778 1073 936 1154 Hispaniae
955 1073 1096 1155 fructum,

77 1179 184 1223 verum
198 1163 342 1246 inmitem,
361 1161 478 1224 dulcem
497 1164 528 1222 in
542 1162 650 1244 Africa,
669 1164 721 1225 sed
741 1165 842 1225 statim
861 1169 1095 1224 evanescentem.

77 1259 184 1312 contra
210 1253 242 1312 in
270 1253 385 1312 oriente
415 1270 451 1312 ex
477 1253 514 1312 iis
544 1254 611 1312 vina
641 1255 835 1332 gentiumque
865 1251 971 1331 aliquis
1000 1253 1095 1332 panis,
1114 1259 1147 1309 27

76 1339 215 1420 plurimis
233 1357 304 1401 raro
324 1342 413 1400 etiam
431 1340 658 1420 quadrupedum
682 1341 775 1403 cibus.
813 1340 1007 1420 quamobrem
1029 1342 1096 1400 iure

77 1429 217 1490 dicentur
240 1437 388 1490 externae.
435 1429 515 1490 nulla
538 1432 638 1491 estin
661 1429 742 1491 ltalia
766 1438 871 1510 sponte
900 1432 1012 1512 genita,
1040 1447 1095 1489 nec

36 1531 62 1571 1⁵
77 1520 110 1578 in
133 1517 189 1578 alia
211 1524 296 1597 parte
319 1526 469 1580 terrarum
491 1521 550 1579 nisi
572 1521 603 1579 in
627 1517 733 1602 calida,
760 1519 904 1598 frugifera
926 1519 996 1579 vero
1025 1537 1095 1578 nns-

79 1623 169 1685 quam
192 1607 251 1666 nisi
273 1608 304 1666 in
327 1607 448 1668 fervida.

147 1687 199 1780 (7)
223 1693 361 1774 Gignitur
383 1695 440 1756 levi
464 1695 660 1776 sabadosaqne
689 1704 783 1780 terra,
811 1699 922 1758 maiore
950 1699 982 1757 in
1008 1703 1094 1777 parte
1114 1703 1147 1753 28

78 1792 109 1844 et
132 1786 255 1846 citrosa.
292 1784 401 1864 gaudet
423 1787 518 1866 riguis
541 1793 664 1864 totoque
689 1803 766 1846 anno
789 1785 902 1869 bibere,
925 1803 994 1847 cum
1017 1794 1097 1846 amet

78 1875 218 1935 sitientia.
270 1874 340 1934 fimo
370 1874 491 1953 quidam
521 1877 610 1935 etiam
639 1874 716 1935 laedi
751 1882 873 1958 putant,
906 1875 1095 1955 Assyriorum

33 1971 62 2017 ao
75 1981 148 2042 pars
176 1962 288 2042 aliqua,
315 1965 341 2022 si
368 1981 429 2024 non
457 1965 528 2023 rivis
555 1965 687 2025 misceat.
733 1981 843 2043 genera
870 1980 973 2024 earum
1000 1963 1096 2044 plura,

78 2057 110 2110 et
131 2053 228 2131 prima
251 2051 389 2112 fruticem
418 2069 478 2112 non
506 2051 693 2134 excedentia,
721 2051 855 2114 sterilem
881 2053 976 2134 hunc,
1004 2051 1095 2112 aliubi

79 2145 112 2198 et
134 2141 234 2219 ipsum
257 2139 395 2222 fertilem,
418 2139 576 2220 brevisque
599 2143 683 2202 rami.
729 2141 802 2202 orbe
825 2141 965 2202 foliorum
988 2142 1096 2201 lectori

76 2228 174 2287 ricem
202 2227 251 2287 bic
281 2227 444 2306 parietibus
475 2228 627 2309 plerisque
658 2232 690 2291 in
721 2230 795 2291 locis
829 2237 960 2310 praestat
992 2237 1095 2290 contra

76 2317 259 2396 aspergines.
311 2324 358 2379 cst
387 2325 417 2378 ct
446 2317 670 2398 procerioribus
699 2317 787 2402 silva,
823 2319 928 2380 arbore
964 2337 1000 2380 ox
1030 2321 1094 2398 ipsa
1113 2326 1147 2375 29

29 2420 58 2460 aa
74 2403 217 2466 foliorum
248 2405 351 2466 aculeo
380 2407 540 2468 fruticante
573 2409 653 2469 circa
681 2415 760 2469 totas
788 2409 970 2487 pectinatim.
1020 2425 1095 2486 quas

74 2494 230 2555 silvestres
248 2494 380 2574 intellegi
400 2513 522 2556 necesse
542 2498 730 2577 estimenta
748 2504 847 2558 tamen
865 2495 986 2559 libidine
1006 2498 1095 2558 etiam
1121 2552 1124 2560 .

18 2609 29 2646 κ
72 2582 247 2644 mitioribus
278 2602 309 2644 se
339 2586 476 2647 miscent.
521 2584 653 2664 reliquae
682 2593 794 2647 teretes
825 2594 913 2665 atque
943 2603 1095 2666 procerae,
1131 2665 1133 2669 ι

73 2673 179 2734 densis
202 2673 392 2752 gradatisque
415 2673 561 2734 corticum
578 2673 741 2754 pollicibus
765 2683 816 2735 aut
843 2673 965 2735 orbibus
993 2673 1094 2735 faciles
1149 2665 1159 2676 ”

150 2893 294 2951 limatur
311 2902 345 2952 ι
374 2899 470 2952 -antur
487 2914 532 2954 ro.
553 2899 557 2966 1
583 2913 683 2969 corpus
701 2904 736 2952 Ι.
764 2899 851 2970 poris
869 2916 914 2955 ro.
936 2902 940 2969 Ι
959 2899 1094 2969 policium

68 2971 151 3022 lind.
229 2967 370 3024 diudices
389 2969 455 3024 Νι.
480 2970 485 3040 Ι
509 2967 629 3039 perisset
646 2969 701 3040 (-ii·
719 2971 745 3041 a)
764 2971 852 3026 Md.
930 2975 964 3025 10
982 2969 1096 3027 frenant

16 3053 17 3058 ¹
67 3047 104 3096 B.
135 3040 167 3093 ut
184 3043 219 3094 Ι.
309 3045 341 3094 12
359 3040 423 3096 dim.
439 3039 684 3098 cadumim.
778 3048 812 3096 14
834 3043 1017 3113 sponte-15
1037 3041 1095 3096 alia

67 3109 172 3166 Illic.
202 3113 304 3181 sponte·
320 3113 350 3166 ei
367 3111 440 3166 ratio
458 3116 490 3165 B.
509 3127 560 3168 om.
574 3127 597 3168 r.
671 3117 705 3166 18
724 3113 786 3168 diat.
806 3129 861 3183 eqo.
916 3119 950 3168 19
970 3112 1095 3168 sitientia

70 3197 124 3252 ego
142 3195 203 3237 uam
222 3183 279 3238 cod.
294 3183 361 3237 Dal.
393 3182 534 3240 -tiau
567 3199 640 3239 anno
655 3183 762 3238 sitienti
776 3201 793 3239 a
806 3201 851 3240 ro.
924 3189 958 3240 20
976 3185 1094 3239 miscea-

68 3257 121 3308 tur
135 3255 180 3310 do.
262 3259 295 3308 21
320 3253 451 3310 boticem
468 3271 493 3309 o.
522 3271 566 3310 -oa
584 3261 640 3311 Ir.
721 3259 755 3310 22
774 3255 923 3325 breuisqne
941 3259 976 3311 Ι.
1005 3271 1093 3310 -uem-

69 3340 130 3394 que
148 3324 379 3381 BeddonteGel:
409 3341 525 3394 meaque
543 3342 566 3380 r.
583 3328 588 3396 Ι
607 3343 750 3382 ramorum
768 3325 848 3382 auat.
877 3326 942 3381 -mis
960 3328 1096 3389 eduma

69 3396 134 3451 Gal.
155 3396 160 3464 Ι
180 3397 243 3451 dist.
263 3396 363 3451 Ianne.
385 3398 389 3464 Ι
409 3397 506 3451 orbem
524 3401 556 3451 B.
584 3397 651 3452 obre
668 3404 721 3453 Ita.
754 3397 826 3455 obiri
843 3398 943 3452 umbra
961 3399 1105 3453 addente

68 3465 133 3523 Ger.
154 3470 160 3534 Ι
178 3465 311 3525 foliorum
330 3467 423 3524 Iano
440 3468 640 3525 ardennae.
667 3467 687 3523 f.
706 3465 826 3526 oliorum
844 3487 869 3528 ι.
896 3468 1029 3525 foliosum
1046 3473 1094 3523 Ur

68 3537 133 3594 eet.
208 3544 242 3592 24
258 3541 303 3593 eat
316 3539 345 3592 at
357 3543 421 3592 n.
450 3541 493 3593 est
506 3555 529 3594 r.
553 3541 619 3594 sunt
636 3555 651 3594 e
670 3541 728 3596 edd.
737 3539 865 3596 calefiel.
884 3537 1068 3595 oru.edd.Gel.
1086 3537 1111 3607 1·

68 3609 164 3665 siluae
176 3611 290 3674 'aderiti
301 3609 431 3665 calefiel.
505 3615 539 3664 28
552 3612 585 3665 ut
598 3611 711 3666 orbibus
724 3627 749 3666 o.
778 3610 938 3666 auctoribus
955 3609 1042 3664 norit
