2588 3956
300 114 386 170 NAT.
404 114 497 170 HIST.
515 115 556 170 IX
574 119 679 172 46-51
700 118 826 186 (io—74)
1012 119 1074 184 151
1162 124 1164 134 ’

25 265 184 342 piscium
201 265 233 324 in
251 266 328 324 meri
346 263 485 326 nectibus
503 265 645 326 infestare
665 266 860 326 existimatur.
896 265 1075 345 quibusdam

26 371 109 412 vero
138 354 223 432 ipsis
246 355 453 434 innascuntur,
477 349 537 432 qrro
559 355 591 414 in
614 371 740 414 numero
764 353 874 426 chalcis
898 357 1051 435 accipitur.

104 434 183 504 48.
206 435 282 524 (72)
314 440 377 502 Nec
400 460 513 502 venena
537 450 656 508 cessant
678 442 756 523 dira,
778 451 813 504 ut
834 445 867 504 in
888 442 991 522 lepore
1014 448 1066 524 qui
1077 453 1129 504 155

28 532 63 588 in
90 529 213 590 Indico
237 533 314 590 mari
341 533 431 592 etiam
458 539 541 592 tactu
567 530 711 612 pestilens
734 533 878 594 vomitum
905 532 1074 595 dissolutio·

7 629 185 697 luemque
208 618 356 684 stomachi
382 621 520 698 protinus
543 628 639 701 creat,
668 622 700 681 in
727 627 831 682 nostro
859 621 917 682 elia
938 622 1075 700 informis

28 707 149 768 colore
183 714 301 769 tantum
328 707 425 787 lepori
452 709 569 791 similis,
600 708 637 770 iri·
655 707 737 769 lndis
765 717 796 770 et
817 710 1020 788 magnitudine
1045 720 1075 772 et

27 795 108 877 pilo,
138 795 270 859 duriore
293 803 419 858 tantum.
453 815 509 858 nec
532 800 617 859 vivus
639 797 682 858 ibi
705 799 829 876 capitur.
866 816 961 878 aeque
984 802 1074 879 pesti·

30 885 148 944 lerum
175 884 286 946 animal
308 903 437 946 araneus
457 888 559 966 spinae
578 889 610 947 in
628 885 718 946 dorso
737 886 840 966 aculeo
859 889 975 948 noxius.
1002 889 1066 954 ¹sed

30 972 169 1034 nullum
192 992 322 1052 usquam
345 973 559 1036 exsecrabilius
587 993 676 1054 quam
702 974 804 1036 radius
831 993 924 1055 super
951 977 1075 1038 caudam

7 1064 189 1124 semineus
210 1065 353 1144 trygonis,
373 1081 461 1142 quam
479 1065 576 1124 nostri
593 1065 777 1144 pastinacam
794 1063 952 1145 appellant,
971 1067 1074 1143 quinc-

33 1150 163 1211 unciali
191 1150 406 1230 magnitudine.
452 1151 576 1213 arbores
603 1153 712 1214 inlisus
739 1153 832 1214 radici
860 1161 966 1233 necat,
993 1171 1075 1214 arma

36 1247 72 1298 ut
98 1239 206 1300 telum
228 1241 363 1319 perforat
385 1243 414 1300 ri
437 1241 510 1301 ferri
533 1248 564 1302 et
586 1243 693 1302 veneni
715 1241 801 1304 malo.
878 1235 891 1260 ³

7 1357 9 1360 ·
109 1321 179 1392 49.
205 1322 281 1412 (73)
304 1327 425 1390 Morbos
448 1333 588 1392 universa
610 1347 720 1410 genera
742 1332 879 1411 piscium,
907 1338 943 1394 ut
965 1338 1065 1390 cetera
1075 1348 1127 1398 155

40 1417 192 1478 animalia
216 1419 306 1479 eiiam
328 1418 401 1500 iera,
424 1437 485 1478 non
503 1420 665 1498 accipimus
685 1421 816 1480 sentire·
844 1437 949 1487 verum
972 1437 1074 1498 aegro-

7 1515 26 1554 15
40 1513 109 1566 tare
138 1505 279 1585 singulos
301 1507 492 1568 manifestum
514 1508 585 1568 facit
608 1507 777 1586 aliquorum
799 1509 923 1589 macies,
951 1525 1020 1568 cum
1043 1510 1075 1569 in

42 1593 160 1654 codem
184 1613 296 1674 genere
318 1597 518 1675 praepingues
541 1595 590 1658 elii
613 1598 775 1676 capiantur.

116 1677 183 1746 50.
207 1677 283 1766 (74)
308 1683 444 1754 Quonam
466 1684 554 1746 modo
577 1693 735 1767 generent,
758 1684 941 1747 desiderium
964 1692 994 1746 et
1017 1685 1065 1746 ad·
1077 1693 1127 1744 157

43 1773 172 1834 miratio
196 1772 353 1834 huminum
375 1774 489 1834 diilerri
511 1792 572 1836 non
594 1774 716 1852 patitur.
756 1775 855 1854 pisces
877 1775 982 1834 attritu
1005 1791 1074 1834 ven·

46 1861 144 1920 trium
170 1868 283 1922 cocunt
305 1869 387 1923 tanta
409 1861 562 1924 celeritate
585 1870 620 1923 ut
640 1863 737 1922 visum
756 1862 867 1941 fallant,
890 1862 1023 1942 delphini
1046 1871 1076 1923 et

9 1957 34 1997 2⁰
47 1949 171 2028 reliqua
195 1958 261 2011 cete
290 1949 379 2012 simili
401 1951 490 2012 modo
518 1960 548 2013 et
572 1950 660 2030 paulo
684 1951 805 2012 diutius.
851 1951 961 2011 femina
983 1952 1075 2030 piscis
1179 1975 1181 1979 ·
1237 1974 1243 1980 ·

49 2039 150 2098 coitus
183 2046 318 2118 tempore
342 2057 455 2100 marem
483 2041 620 2119 sequitur
642 2047 778 2100 ventrem
800 2041 865 2100 eius
888 2046 987 2099 rostro
1009 2038 1074 2118 pul-

49 2143 135 2208 sans,
150 2127 209 2188 sub
223 2125 312 2206 portu
325 2145 423 2188 mares
438 2129 563 2190 seminas
578 2127 715 2189 similiter
729 2146 783 2189 ova
792 2135 948 2188 vescentes
963 2144 1074 2188 earum.

42 2231 107 2290 ¹nec
137 2218 214 2276 satis
242 2224 288 2277 est
318 2219 503 2295 generationi
525 2235 581 2296 per
609 2235 641 2277 se
669 2219 779 2297 coitus,
808 2217 868 2277 nisi
895 2215 983 2276 editis
1011 2217 1074 2274 ovis

50 2303 282 2371 interversando
306 2323 404 2368 mares
426 2305 514 2369 vitale
538 2304 742 2384 adsperserint
764 2307 855 2366 virm.
896 2322 956 2364 non
979 2307 1073 2364 omni-

19 2389 108 2452 ²⁵hus
133 2393 167 2454 id
191 2396 337 2473 contingit
359 2397 423 2454 ovis
445 2396 477 2455 in
499 2401 581 2456 tanta
603 2393 804 2456 multitudine.
845 2392 955 2471 alioqui
978 2391 1073 2472 reple·
1099 2469 1101 2478 Ι

54 2489 163 2544 rentur
186 2484 278 2542 maria
306 2489 337 2542 et
359 2491 477 2563 stagna,
506 2500 581 2544 cum
603 2481 712 2561 singuli
739 2483 819 2543 uteri
845 2480 1074 2543 innumerabilia

55 2572 234 2651 concipient
689 2590 692 2596 ’

122 2653 184 2722 51.
217 2658 349 2722 Piscium
372 2679 426 2720 eva
448 2662 480 2720 iu
502 2662 578 2721 mari
601 2667 754 2739 crescunt,
782 2658 927 2738 quaedem
950 2676 1065 2719 summa
1077 2668 1128 2718 158

57 2749 224 2829 eeleritate,
251 2757 287 2810 ut
308 2766 515 2830 murenarum,
545 2747 690 2827 quaedam
711 2746 800 2827 paulo
827 2747 950 2808 tardius.
995 2745 1075 2826 plani

26 2843 48 2884 ³⁰
60 2836 196 2918 piscium,
220 2837 329 2915 uiribus
348 2837 441 2898 cauda
464 2855 524 2898 non
544 2844 590 2897 est
603 2885 611 2898 .
626 2884 633 2898 .
648 2883 677 2898 ..
701 2834 905 2917 aculeatoque,
929 2844 960 2896 et
981 2843 1074 2896 testu·

129 3027 348 3082 tinnescuntm
365 3027 408 3081 1¹².
436 3042 527 3080 nosc-
545 3042 569 3079 r.
643 3029 778 3080 inscii.
797 3039 849 3078 om.
867 3041 890 3078 r.
911 3025 916 3091 Ι
936 3039 1025 3092 aeque
1043 3030 1075 3078 lt.
1158 3045 1161 3050 ·

61 3099 143 3168 atque
162 3102 210 3163 sd.
239 3097 331 3167 adque
349 3103 405 3152 Μ.
497 3102 530 3152 12
548 3096 622 3150 uili.
647 3097 680 3149 ut
696 3113 720 3150 r.
811 3100 844 3148 13
862 3095 928 3150 t'rtde
945 3094 1075 3166 05156

61 3172 200 3235 enimsi
216 3169 289 3236 felia
306 3169 363 3224 cod.
382 3175 420 3234 1>;
437 3169 541 3238 integer
558 3167 664 3222 demum
682 3171 721 3222 cst
738 3165 804 3221 inde
821 3183 840 3221 o
861 3169 889 3218 X
905 3165 926 3237 ,ς
944 3169 1005 3222 114.
1076 3228 1079 3233 ,

62 3245 92 3294 23
112 3243 156 3295 est
171 3239 271 3296 Νι
300 3242 369 3294 etr.
464 3244 498 3293 25
517 3238 692 3308 replerentur
708 3235 807 3292 1·Ψὰ
835 3237 941 3291 dentur
958 3255 982 3292 r,

62 3316 93 3364 30
111 3313 241 3368 numam
254 3327 302 3381 ege
314 3311 447 3366 indicum.
469 3311 557 3366 deesse
569 3309 678 3364 cucur
692 3323 786 3364 crasse
797 3309 840 3363 vel
851 3308 975 3365 robuste.
992 3309 997 3377 Ι
1013 3325 1077 3363 scu·

63 3380 190 3452 leuisque
209 3397 265 3451 epo.
302 3381 411 3450 -etique
429 3383 457 3436 ll.
495 3381 576 3436 obest
598 3379 744 3448 semeique
766 3395 791 3434 a.
824 3379 874 3447 cfr.
894 3379 983 3434 Arist.
1004 3380 1030 3434 ir.
1050 3397 1076 3434 a.

68 3455 93 3504 V
102 3458 119 3510 5
132 3470 165 3524 p.
181 3454 346 3522 54013,10.
378 3455 466 3508 Vlio
479 3468 511 3522 p.
526 3451 635 3520 56513,
650 3454 697 3508 23.
731 3453 759 3502 V
769 3454 831 3519 31).
846 3449 957 3516 olori,
971 3455 1015 3504 31.
1044 3451 1077 3514 de

61 3530 132 3590 part.
150 3541 198 3580 un.
217 3526 266 3578 IV
272 3530 308 3580 13
323 3541 354 3594 p.
369 3529 425 3580 695
439 3524 476 3590 B,
490 3528 552 3592 qu.
580 3523 613 3578 de
634 3538 693 3592 pen.
713 3538 759 3576 aa.
784 3523 866 3575 1115
884 3538 916 3589 p.
931 3523 986 3576 756
1000 3521 1036 3586 B,
1050 3526 1076 3575 1.

67 3593 116 3664 lei
132 3596 184 3651 del.
202 3595 248 3650 3².
274 3597 307 3650 ui
324 3597 383 3662 cdd.
402 3600 466 3651 unte
484 3594 576 3649 Har-a.
