2612 3962
204 125 271 191 390
549 127 579 182 C.
597 127 698 182 PLINI
716 126 874 183 annuum
1290 49 1291 106 Y

204 285 321 338 tumore
340 275 432 336 olivas
451 279 593 338 cresccre
611 275 711 338 oleum
733 278 928 358 existimandi,
951 295 1020 339 cum
1043 280 1225 357 pracsertim
1290 305 1291 360 p

204 383 260 428 nec
283 365 486 444 magnitudine
514 367 631 445 copiam
661 365 720 426 olei
749 373 885 428 constare
914 367 1025 429 indicio
1054 368 1118 428 sint
1149 385 1225 446 quae
1290 369 1291 452 l

203 456 302 533 regiae
315 461 480 534 noemam,
500 453 537 515 ab
561 453 626 516 aliis
643 456 813 537 miotinae,
836 453 872 516 ab
895 455 960 518 aliis
978 455 1114 536 babbiae,
1136 473 1224 535 gran

203 543 343 604 dissimas
365 542 485 622 alioqui,
508 545 629 604 minimo
652 561 734 605 suco.
779 551 810 606 et
832 545 864 606 in
886 544 1019 626 Aegypto
1047 546 1225 606 carnom‘ssi-

204 633 261 694 mis
283 631 341 694 olei
364 633 517 714 exignum,
544 631 683 712 becapoli
709 649 780 694 varo
803 632 905 721 Syriae
932 651 1078 714 perquam
1105 647 1249 714 parrana

152 728 185 778 16
204 739 261 782 nec
284 722 404 801 cappari
426 723 564 803 maiores,
586 739 676 783 carne
703 731 803 783 tamen
830 723 1086 808 commendantur.
1133 741 1224 804 quam
1290 781 1291 788 ,

204 809 243 870 ob
262 827 383 872 causam
400 808 510 872 Italicis
527 813 741 872 transmarinae
759 813 972 891 praeferuntur
989 814 1021 872 in
1044 811 1131 894 cibis,
1155 831 1223 873 cum

204 898 270 960 oleo
293 900 463 980 vincantur,
490 907 521 960 et
548 901 579 960 iu
606 901 671 980 ipsa
693 899 775 960 ltalia
803 903 912 962 ceteris
934 901 1062 962 Picenae
1091 909 1123 962 ct
1147 900 1221 961 Sidi-

205 989 298 1048 cinae.
325 986 386 1048 sale
404 987 470 1049 illae
489 989 626 1066 privatim
644 988 826 1050 condiuntur
844 998 874 1051 et
893 997 927 1051 ut
945 989 1077 1069 reliquae
1101 1005 1222 1052 amurca

205 1093 325 1157 sapere,
356 1093 412 1138 nec
436 1095 503 1138 non*
519 1077 635 1156 aliquan
657 1077 724 1138 oleo
745 1096 801 1140 suo
824 1085 856 1140 et
877 1080 942 1140 sine
971 1080 1115 1140 arcessita
1143 1097 1221 1140 com·
1234 1095 1265 1134 nc

205 1165 393 1226 mandatione
411 1183 503 1246 purae
523 1168 666 1246 innatant,
685 1165 879 1247 colymbades.
903 1168 1082 1247 franguntur
1100 1166 1222 1228 eaedem
1291 1157 1292 1232 l

204 1253 425 1334 herbarumque
448 1254 589 1316 similium
611 1261 719 1334 sapore
741 1256 930 1318 mudantur
975 1256 1051 1316 liunt
1078 1263 1110 1317 et
1137 1273 1222 1337 prae·

205 1361 318 1422 coques
340 1343 467 1405 ferventi
490 1361 565 1423 aqua
587 1344 727 1424 perfusae
750 1344 929 1424 quamlibeat
950 1347 1127 1408 inmaturae.
1168 1347 1221 1406 mi·
1291 1337 1292 1344 '

205 1449 334 1512 rumque
356 1432 476 1494 dulcem
497 1450 604 1494 sucum
626 1433 718 1496 olivas
739 1433 843 1495 bibere
867 1441 898 1494 et
919 1432 1015 1495 alieno
1043 1451 1151 1514 sapore
1177 1435 1221 1494 in·
1291 1439 1292 1472 ³

153 1527 186 1577 17
205 1520 263 1582 fici.
307 1539 476 1600 purpureae
500 1523 624 1584 suntin
646 1521 706 1604 bis,
728 1530 763 1584 ut
785 1525 864 1603 uris,
886 1525 918 1583 in
944 1523 1063 1602 nigrum
1089 1523 1223 1583 colorem
1236 1539 1263 1580 ns

205 1608 557 1690 transeuntibusposiis.
603 1619 674 1673 sunt
697 1618 729 1672 et
750 1610 896 1692 superbae
918 1618 1040 1691 praeter
1060 1613 1121 1672 iam
1145 1611 1225 1672 dicia

205 1715 323 1777 genera.
359 1706 474 1761 suntet
487 1699 672 1781 praedulces,
694 1718 749 1780 per
766 1719 799 1761 so
818 1708 933 1762 tantum
950 1701 1078 1762 siccatae
1096 1701 1226 1779 uvisque

205 1788 301 1866 passis
324 1785 482 1868 dulciores,
504 1789 664 1851 admodum
686 1805 771 1850 rarae
793 1791 826 1851 in
838 1789 938 1851 Africa
960 1795 991 1849 et
1013 1791 1094 1850 eirca
1108 1788 1224 1850 Emeri-

153 1888 187 1938 18
206 1882 267 1937 tam
290 1874 467 1938 Lusitaniae.
510 1877 612 1940 oleum
634 1880 734 1958 ipsum
755 1877 816 1938 sale
837 1877 1005 1938 vindicatur
1027 1895 1044 1938 a
1070 1879 1224 1958 pingubu·

206 1964 284 2026 dinis
302 1965 384 2026 vitio.
411 1966 524 2027 cortice
540 1967 621 2028 oleae
640 1969 761 2028 conciso
779 1966 902 2028 odorem
921 1967 1036 2046 accipit.
1064 1966 1265 2028 medicatione

205 2053 277 2116 alins
299 2061 333 2117 ut
355 2056 439 2137 vine,
466 2054 557 2135 palati
579 2057 678 2136 gratia*
694 2055 787 2118 nulla
801 2063 862 2136 est,
890 2073 946 2116 nec
974 2062 1035 2118 tam
1063 2073 1224 2117 numerosa

206 2141 382 2204 differentia.
426 2143 524 2205 tribus
547 2153 581 2206 ut
603 2145 771 2224 parinum·
792 2142 974 2206 bonitatibus
1000 2143 1102 2205 distat.
1147 2144 1222 2206 odor

206 2233 238 2294 in
260 2233 344 2293 tenui
368 2234 510 2313 argutior,
531 2241 563 2294 et
585 2235 611 2295 is
634 2241 734 2296 tamen
756 2235 846 2295 etiam
867 2235 899 2294 in
922 2235 1036 2312 optimo
1056 2232 1165 2294 breuis
1292 2229 1293 2304 J

155 2334 188 2383 19
241 2311 243 2316 ’
275 2313 310 2383 4.
334 2313 388 2402 (5)
409 2319 484 2382 Oleo
503 2330 609 2383 natura
622 2324 790 2402 tepefacere
807 2339 919 2402 corpus
937 2329 967 2383 et
984 2329 1090 2383 eontra
1108 2322 1225 2402 algores
1292 2329 1293 2372 1

282 2544 821 2616 1tumortlexissimnndicum1r.
851 2545 970 2602 anuum
986 2561 1011 2602 o.
1083 2553 1172 2602 inec
1188 2553 1225 2600 Ι.

209 2632 274 2671 cum
286 2631 332 2670 rc.
345 2619 354 2684 1
368 2617 591 2688 magnitudinem
604 2624 640 2672 1.
656 2619 661 2688 Ι
676 2632 732 2672 non
751 2620 879 2673 conabere
897 2633 921 2672 o.
994 2623 1011 2672 3
1029 2617 1184 2673 maiorinse
1198 2625 1227 2672 Ι

208 2687 314 2744 cadet.
333 2704 382 2743 -us
394 2691 424 2744 et
436 2705 460 2743 r.
480 2705 544 2744 -nae
558 2691 588 2745 et
600 2688 792 2745 manmena.
804 2688 807 2760 l
818 2688 937 2744 bebbiac
946 2695 982 2744 Ι.
999 2689 1130 2744 bambiae
1144 2690 1226 2745 redd.

209 2759 365 2815 anteBarb.
383 2759 517 2829 pheuliae
530 2760 618 2816 Borb.
632 2777 646 2815 e
658 2760 789 2830 Tbecpbr.
804 2775 827 2814 c.
836 2761 878 2828 pi.
889 2763 933 2812 VI
935 2765 963 2830 8,
971 2764 996 2816 5.
1069 2766 1087 2814 4
1101 2761 1164 2816 dist.
1177 2777 1226 2830 epo

209 2829 261 2884 luc.
272 2847 303 2899 p.
313 2834 350 2885 37
364 2847 392 2886 a.
405 2835 453 2886 21.
526 2837 543 2886 u
557 2831 674 2901 cappari
685 2836 741 2887 lc.
754 2831 862 2902 'capari
875 2836 900 2885 d.
923 2847 991 2916 app-
1005 2838 1057 2887 no.
1083 2847 1132 2902 ap
1146 2850 1171 2887 a.

210 2907 233 2954 θ’
246 2899 413 2956 condiunbur
421 2901 521 2956 wo.
541 2903 654 2957 -duntur
667 2903 705 2954 «1¹.
724 2901 850 2957 -dinntur
862 2919 885 2958 r.
902 2901 906 2974 Ι
921 2902 1047 2972 rehquae
1057 2907 1139 2957 Ιιυ.
1158 2919 1227 2972 -qua

209 2989 233 3026 r.
307 2975 341 3026 10
359 2973 389 3026 et
406 2971 466 3026 sine
482 2978 578 3028 ibeo
591 2973 820 3029 addoctcBarb.
831 2973 892 3030 Sili.
920 2973 980 3029 aine
997 2974 1202 3030 scomiaco.
1219 2975 1223 3045 Ι

210 3042 345 3098 arcemite
362 3041 582 3113 ldmoifflrot.
611 3045 747 3100 accemiia
765 3045 841 3100 codd.
850 3045 938 3101 Borb.
966 3047 1027 3104 arte
1040 3045 1096 3100 sile
1113 3063 1138 3101 ι.
1165 3047 1225 3100 arbe

211 3129 263 3168 sua
279 3113 414 3170 addente
421 3115 508 3171 Barb.
582 3120 615 3170 11
635 3116 816 3172 columbadas
833 3123 870 3172 Ι.
947 3121 1034 3172 1113
1052 3131 1226 3186 praecoques

210 3189 246 3240 Ι,
274 3185 325 3251 cfr.
339 3199 400 3240 stoc.
414 3187 467 3241 luc.
477 3203 509 3255 p.
519 3190 563 3242 54.
591 3203 668 3242 -oces
681 3204 726 3242 ro.
800 3193 833 3242 13
852 3188 1027 3257 quamlibeat
1036 3192 1074 3242 Ι.
1102 3188 1164 3242 -bet
1177 3203 1225 3242 ro.

284 3255 510 3312 luminati.
543 3257 938 3314 etmhnucusaedadet.
970 3258 1058 3314 ethis
1070 3259 1226 3314 utaBorb.

211 3329 242 3381 eb
258 3327 288 3381 in
306 3326 341 3382 iia
359 3329 389 3382 ab
405 3327 436 3382 in
453 3329 663 3385 addebamus.
736 3335 770 3386 16
788 3329 875 3401 posiia
892 3329 1061 3386 NodrSill.
1086 3327 1177 3400 possis
1190 3335 1227 3384 ι

211 3397 318 3468 psusiis
335 3398 379 3456 θ’.
411 3399 509 3470 posiae
526 3401 677 3456 sennenn.
709 3401 825 3471 pausiae
844 3401 972 3458 emm.
989 3401 1041 3468 eft.
1055 3401 1077 3472 θ
1090 3405 1116 3456 4.
1192 3406 1229 3456 20

212 3469 362 3524 medicatio
379 3472 775 3528 assertionemque.
804 3472 898 3528 -itabic
916 3477 951 3527 Ι.
975 3472 1056 3528 -icabi
1068 3472 1156 3527 Borb.

212 3539 332 3594 alulias
345 3541 433 3598 Raab.
460 3542 501 3596 -ia
514 3548 562 3596 tr
571 3543 630 3598 edd.
641 3543 868 3600 anteBnrb.Sail.
918 3576 920 3581 ·
941 3549 975 3598 23
989 3543 1096 3614 optimo
1110 3543 1229 3599 laeda.

213 3610 271 3666 Get.
299 3627 355 3666 -me
373 3617 422 3666 Dc.
450 3627 509 3667 -aua
527 3613 751 3668 accidentalia.
