2636 3952
216 151 282 215 232
558 149 587 204 C.
606 149 707 204 PLINI
727 147 884 204 SECUNDI

215 303 335 382 pinnas,
362 308 398 360 ut
419 318 552 380 muscae,
580 298 724 378 quaedam
751 306 924 380 quaternas,
952 306 987 359 ut
1013 316 1093 379 apes.
1139 317 1226 360 mem·

215 389 317 450 branis
340 397 371 450 et
394 389 511 451 cicadae
539 388 646 449 volant.
693 394 852 467 quaternas
879 386 990 448 babent
1017 405 1092 467 qnae
1121 388 1227 450 aculeis

215 481 247 538 in
269 477 333 538 alvo
357 485 517 539 armantur.
554 476 669 538 nullum
687 477 736 538 cui
754 476 847 538 telum
865 479 896 537 in
915 494 967 537 ore
986 476 1123 556 pluribus
1142 495 1227 557 quam

215 567 294 628 binis
317 566 433 628 advolat
454 569 563 646 pinnis.
604 566 663 626 illis
682 567 767 627 'enim
791 565 914 627 ultionis
938 583 1028 628 causa
1050 566 1153 629 datum
1174 576 1227 648 est,

215 655 261 717 bis
289 656 443 717 aviditatis.
489 655 578 716 nullis
606 672 711 715 eorum
742 657 850 734 pinnae
883 657 1072 716 revivescunt
1104 655 1252 717 avulsae.⁵

215 744 331 806 nullum
354 747 403 806 cui
427 745 549 806 aculeus
572 746 604 804 in
627 743 690 804 alvo
714 742 843 823 bipenne
868 753 921 805 est.
1119 736 1124 740 ’

162 844 195 892 99
282 827 357 916 (34)
386 832 572 905 Quibusdam
593 835 754 913 pinnarum
780 833 890 893 tutelae
919 841 1020 895 crusta
1047 835 1226 916 supervenit,

214 930 248 983 ut
266 921 441 1005 scarabaeis,
465 940 594 1000 quorum
617 924 736 983 tenuior
759 921 951 1001 fragiliorque
973 925 1073 1002 pinna.
1108 923 1156 983 his
1178 941 1226 982 ne·

213 1019 299 1090 gatus
322 1011 468 1093 aculeus,
486 1011 538 1071 sed
561 1013 592 1071 in
616 1011 744 1090 quodam
767 1029 876 1090 genere
905 1029 1011 1072 eorum
1033 1011 1137 1092 grandi
1165 1029 1227 1072 ccr-

213 1118 274 1161 nua
290 1100 459 1181 praelonga,
477 1099 600 1161 bisulcis
619 1100 739 1161 dentata
756 1099 910 1161 forficibus
929 1103 960 1161 in
980 1103 1143 1182 cacumine,
1162 1115 1267 1161 cum10

213 1187 313 1270 libuit,
340 1189 376 1249 ad
404 1207 539 1250 morsum
566 1188 758 1270 coeuntibuS,
786 1190 946 1250 infantium
973 1191 1063 1251 etiam
1089 1190 1228 1251 remediis

214 1296 251 1337 ex
280 1278 396 1338 cervice
429 1277 668 1359 suspenduntur,
699 1277 819 1339 lucavos
851 1286 936 1339 vocat
966 1279 1022 1340 hos
1055 1278 1227 1358 Nigidius.

161 1375 194 1424 98
213 1367 293 1428 aliud
312 1379 419 1427 rursus
437 1385 543 1428 eorum
561 1384 656 1446 genus
675 1369 727 1445 qui
746 1385 762 1427 e
785 1367 854 1426 iimo
877 1369 1014 1447 ingentes
1036 1367 1111 1449 pilas
1134 1370 1229 1428 aversi

213 1454 339 1534 pedibus
362 1454 496 1516 volutant
518 1473 684 1535 parvosque
711 1457 743 1518 iu
770 1457 807 1516 iis
835 1463 939 1518 contra
966 1459 1097 1536 rigorem
1122 1456 1228 1517 hiemis

213 1542 391 1604 vermiculos
414 1544 493 1605 fetus
517 1547 564 1605 sui
587 1544 768 1606 nidulantur.
814 1545 937 1606 volitant
959 1545 1008 1606 alii
1030 1563 1137 1624 magno
1161 1563 1229 1606 cum
1244 1559 1271 1600 15

213 1650 367 1694 murmure
387 1640 439 1693 aut
457 1634 582 1714 mugitu,
606 1633 654 1694 alii
673 1634 756 1694 focos
775 1641 805 1694 et
827 1641 919 1695 strata
942 1633 1056 1696 crebris
1079 1635 1228 1697 foramini*

213 1721 270 1783 bus
301 1730 443 1783 excavant
475 1730 623 1783 nocturno
646 1723 782 1783 stridore
812 1721 937 1783 vocales.
982 1723 1085 1784 lucent
1116 1725 1229 1802 ignium
1314 1747 1315 1752 ¹

211 1808 300 1870 modo
323 1817 415 1870 noctu
437 1809 565 1872 laterum
589 1818 619 1872 et
642 1811 776 1871 clunium
799 1810 899 1872 colore
928 1811 1119 1893 lampyrides,
1147 1829 1229 1872 nunc

212 1901 371 1979 pinnarum
393 1899 476 1960 hiatu
499 1899 697 1980 refulgentes,
724 1917 805 1959 nunc
827 1916 899 1959 vero
923 1916 1098 1980 compressu
1124 1899 1227 1960 obum·
1312 1895 1313 1920 ³

212 1987 330 2070 bratae,
359 2006 420 2050 non
450 1995 518 2048 ante
548 1995 664 2049 matura
693 1987 800 2067 pabula
829 1996 881 2048 aut
910 1997 980 2069 post
1008 1988 1128 2049 desecta
1156 2005 1228 2048 con·
1245 2005 1275 2045 99
1308 1981 1314 2052 l

159 2087 193 2134 99
213 2079 342 2157 spicuae.
388 2096 404 2138 9
428 2078 579 2160 contrario
603 2075 796 2138 tenebrarum
818 2076 937 2137 alumna
959 2076 1060 2139 blattis
1082 2079 1155 2158 vita,
1184 2076 1229 2138 lu·

212 2185 337 2245 comque
360 2167 480 2246 fugiunt
500 2167 532 2226 in
551 2164 675 2227 balineis
697 2167 823 2226 maxime
847 2165 949 2226 umido
971 2183 1080 2246 vapore
1102 2183 1231 2246 progna·

211 2263 267 2316 tae.
317 2255 435 2316 fodiunt
462 2272 499 2314 ex
527 2253 632 2314 eodem
659 2271 770 2334 genere
797 2253 880 2314 rutili
910 2261 999 2335 atque
1027 2253 1231 2334 praegrandes

212 2343 363 2406 scarabaei
391 2342 530 2404 tellurem
557 2340 669 2404 aridam
701 2343 843 2421 favosque
875 2359 982 2422 parvae
1015 2349 1046 2404 et
1076 2343 1231 2405 fistulosae
1312 2363 1313 2368 ¹

211 2431 299 2493 modo
323 2433 464 2511 spongiae
485 2431 631 2492 medicato
659 2430 747 2492 melle
774 2431 898 2510 fingunt.
939 2434 971 2491 in
993 2429 1119 2493 Threcia
1146 2435 1231 2493 iuxta
1248 2446 1277 2488 2⁵

212 2520 374 2600 Olynthum
396 2519 480 2581 locus
504 2528 550 2580 est
571 2537 681 2599 parvus
708 2522 740 2581 in
764 2538 823 2600 quo
846 2538 941 2581 unum
963 2520 1020 2581 hoc
1043 2521 1150 2582 animal
1179 2541 1231 2582 ex·

160 2617 211 2666 100
221 2611 382 2692 animatur,
409 2607 539 2694 Qec
552 2607 816 2670 Cantharolethrus
839 2609 1011 2689 appellatus.
1051 2612 1160 2689 pinnae
1185 2613 1232 2671 in·
1311 2665 1312 2668 ,

212 2701 301 2759 sectis
324 2697 463 2759 omnibus
487 2700 551 2758 sine
575 2699 714 2759 scissura.
760 2697 834 2759 nulli
862 2699 955 2759 cauda
982 2700 1040 2759 nisi
1068 2701 1232 2779 scorpioni.
1311 2685 1312 2754 l

211 2787 259 2847 hic
283 2805 388 2848 eorum
412 2787 492 2848 solus
516 2794 546 2846 et
569 2784 707 2846 bracchia
729 2785 819 2847 babet
842 2789 926 2848 etin
949 2787 1043 2848 cauda
1070 2787 1231 2868 spiculum.
1311 2771 1312 2804 ¹

210 2876 396 2955 reliquorum
415 2874 593 2954 quibusdam
615 2874 736 2936 aculeus
759 2876 791 2935 in
814 2891 876 2958 ore,
899 2883 933 2936 ut
956 2875 1038 2958 asilo,
1060 2877 1122 2937 sive
1146 2876 1230 2938 taba·
1249 2891 1278 2932 99

211 2983 283 3024 num
307 2966 366 3027 dici
388 2964 497 3046 placet,
521 2966 593 3024 item
616 2964 704 3024 culici
728 2972 758 3025 et
780 2963 958 3043 quibusdam
980 2967 1106 3046 muscis,
1134 2969 1232 3028 omni·

1310 3025 1311 3087 ,

281 3206 541 3263 concinando.
570 3209 600 3263 eb
616 3223 640 3262 9.
713 3208 995 3262 dreniuescuntlc.
1024 3222 1112 3262 -scere
1130 3223 1154 3261 r.

212 3280 340 3334 tornato
357 3282 409 3332 Ro.
438 3277 523 3334 encta
539 3282 595 3336 19.
687 3283 720 3333 12
744 3279 860 3334 lucanos
878 3295 945 3351 99..
1021 3283 1054 3332 16
1073 3279 1163 3332 strata
1183 3279 1234 3332 Μ.

210 3348 356 3418 Hauptius
374 3348 494 3406 Hermae
507 3353 558 3403 III
566 3353 661 3420 p.149
680 3351 738 3406 coll.
755 3349 880 3406 Vitruoc'c'
897 3352 977 3405 Χ19.
995 3350 1077 3418 prata
1095 3349 1152 3404 uc.
1178 3367 1234 3420 pa·

210 3419 294 3474 rietes
307 3419 381 3475 Dect.
435 3427 469 3476 21
485 3421 583 3477 blattis
596 3421 714 3476 Ededd.
725 3421 783 3476 cet.
801 3421 895 3476 butus
909 3437 932 3474 r.
956 3418 1089 3475 blattinis
1103 3419 1178 3476 Dect.

210 3493 244 3541 22
262 3489 384 3544 balineis
397 3496 429 3546 Β.
458 3507 517 3546 -eas
535 3496 591 3548 ld.
619 3493 746 3548 uslincas
764 3499 795 3546 19.
822 3491 939 3546 balneas
957 3509 981 3545 a.
1063 3495 1097 3544 27
1116 3491 1155 3546 91)
1173 3491 1235 3548 hoc

203 3563 262 3612 ha.
294 3560 331 3614 ob
348 3561 458 3616 191931.
494 3563 586 3618 ubid.
619 3563 655 3617 ob
672 3562 703 3617 id
720 3563 789 3620 2¹1.
894 3566 928 3618 28
946 3561 1001 3618 nisi
1019 3577 1068 3616 99.
1097 3561 1157 3618 sine
1177 3565 1233 3634 ml

212 3629 352 3696 scorpioni
370 3635 415 3687 dc.
445 3648 492 3686 -aa
509 3649 532 3688 9.
605 3639 640 3690 30
658 3635 691 3688 ut
707 3639 760 3691 Bo.
779 3651 830 3692 om.
848 3651 872 3691 9.
