2612 3962
192 139 258 205 352
539 137 569 193 0.
587 138 687 194 PLINI
706 137 864 194 SECUNDI

193 289 338 370 llorescit,
365 288 476 350 imbres
499 295 751 369 tempestatesque
774 287 894 369 tolerat,
922 306 982 350 non
1005 289 1077 349 item
1106 291 1212 370 maior,

141 388 176 438 22
195 379 248 440 sed
271 380 302 439 in
326 376 431 438 arbore
455 395 544 456 quam
567 379 598 437 in
620 379 691 456 iugo
714 379 813 438 minus
836 376 971 438 obnoxia.
1007 377 1213 459 gemellorum,

194 467 302 547 quibus
324 467 382 527 boc
404 484 514 528 nomen
537 485 610 528 uvae
634 483 752 546 semper
774 469 909 545 geminae
933 466 1057 549 dedere,
1080 470 1211 547 asperri-

193 575 260 617 mus
284 574 385 638 sapor,
414 557 466 617 sed
494 557 573 617 vires
595 557 782 635 praecipuae.
833 574 870 616 ex
899 555 947 616 his
978 559 1076 618 minor
1106 566 1212 618 austro

192 644 332 726 laeditur,
360 647 470 706 ceteris
491 647 588 706 ventis
612 644 714 726 alitur,
741 653 776 706 ut
802 646 834 705 in
856 644 982 706 Vesuvio
1010 653 1112 707 monte
1135 645 1243 706 Sur-⁵

192 737 378 814 reatinisque
402 733 540 815 collibus,
568 736 599 794 in
626 734 750 813 reliquis
773 733 872 795 ltaliae
899 733 1035 814 partibus
1062 752 1122 795 non
1150 737 1211 796 nisi

192 823 292 884 arbori
319 824 546 889 accommodata.
592 824 730 902 quintum
760 842 855 903 genus
881 823 1006 885 lanatae.
1052 842 1090 884 ne
1119 823 1212 885 Seras

192 915 336 974 miremur
364 921 415 975 aut
441 913 530 973 lndos
558 913 644 993 adeo,
674 912 782 992 lanugo
810 930 875 972 eam
900 914 998 973 vestit.
1047 915 1144 992 prima
1172 931 1211 974 ex

193 1002 325 1064 Amineis
347 1004 523 1063 maturescit
545 1003 743 1080 ocissimeque
766 1003 921 1081 putrescit.

140 1101 175 1149 23
261 1087 327 1172 <2>
364 1090 502 1152 Proxima
534 1091 661 1170 dignitas
690 1089 883 1152 Nomentanis
914 1089 1042 1152 rubente
1074 1095 1209 1174 materia,
1226 1105 1254 1145 1⁰

194 1189 376 1262 quapropter
395 1180 515 1259 quidam
537 1178 667 1240 rubellas
686 1178 869 1260 appellavere
887 1181 997 1240 vincas.
1034 1179 1088 1241 bae
1108 1183 1210 1242 minus

193 1270 321 1351 fertiles,
343 1271 473 1331 vinaceis
496 1277 526 1330 et
549 1269 631 1329 laece
652 1270 776 1350 nimiae,
799 1276 904 1329 contra
930 1270 1053 1348 pruinas
1080 1269 1209 1331 fortissi-

192 1379 273 1442 mae,
310 1361 444 1420 siccitate
476 1361 569 1438 magis
601 1376 689 1436 quam
721 1356 832 1438 imbre,
869 1365 953 1418 aestu
986 1375 1075 1437 quam
1108 1359 1208 1438 algore

174 1456 345 1511 vexantur.
392 1446 585 1526 quamobrem
608 1449 639 1507 in
668 1446 783 1526 frigidis
810 1446 978 1525 umidisque
1006 1449 1210 1527 principatum

192 1538 335 1599 obtinent.
372 1536 500 1597 fertilior
518 1555 593 1616 quae
612 1537 710 1596 minor
733 1537 818 1596 acino
842 1544 872 1596 et
894 1536 965 1597 lolio
984 1538 1077 1597 scissa
1100 1538 1210 1598 minus.
1227 1548 1254 1588 1⁵

127 1634 175 1699 ,24
260 1622 325 1706 <3>
349 1625 470 1705 Apionis
492 1643 563 1705 apos
586 1625 696 1686 dedere
720 1642 898 1706 cognomen,
920 1627 1081 1705 praecipue
1105 1643 1211 1686 earum

98 1775 102 1782 ,
193 1716 303 1777 avidae.
348 1733 385 1775 ex
412 1716 449 1774 iis
477 1714 536 1777 duo
564 1733 674 1793 genera
701 1713 840 1793 lanugine
872 1722 903 1774 ot
933 1716 998 1794 ipsa
1029 1713 1210 1795 pubescunt.

193 1805 305 1865 distant
317 1803 396 1882 quod
411 1803 504 1864 altera
522 1803 650 1864 celerius
668 1805 851 1884 maturescit,
870 1821 1049 1883 quamquam
1068 1803 1211 1864 etaltera

191 1899 380 1974 properante.
425 1894 502 1952 situs
525 1892 648 1972 frigidos
671 1911 731 1953 non
754 1901 911 1975 respuunt,
934 1900 1085 1954 ettamen
1109 1893 1209 1954 nullae

194 1982 322 2049 celerius
349 1980 444 2041 imbre
471 1988 658 2060 putrescunt.
709 1984 776 2042 vina
802 1985 900 2062 primo
927 1981 1024 2044 dulcia
1051 1985 1210 2044 austerita-
1227 1994 1257 2034 ²⁰
1299 1961 1302 2062 l

142 2077 176 2127 25
195 2080 256 2132 tem
274 2072 360 2132 annis
383 2073 542 2150 accipiunt.
579 2069 699 2132 Etruria
722 2070 802 2130 nulla
825 2073 918 2149 magis
940 2073 1000 2132 vite
1023 2071 1139 2150 gaudet.
1178 2081 1211 2133 et

190 2160 335 2222 hactenus
358 2162 511 2238 potissima
534 2159 673 2220 nobilitas
696 2159 783 2221 datur
805 2158 1006 2239 peculiaribus
1030 2168 1119 2239 atque
1141 2179 1209 2220 ver·
1243 2231 1245 2236 Ι
1301 2233 1302 2240 ¹

191 2249 304 2311 naculis
327 2247 435 2310 ltaliae.
478 2256 594 2310 ceterae
623 2247 778 2308 advenere.
824 2267 842 2310 e
864 2246 937 2308 Chio
961 2247 1093 2309 Thasove
1117 2248 1209 2310 Grae-

192 2337 258 2400 cula
285 2355 345 2398 nou
372 2337 497 2398 interior
525 2337 657 2398 Amineis
684 2336 832 2419 bonitate,
858 2344 1035 2416 praetenera
1062 2339 1147 2398 acino
1177 2348 1210 2400 et

191 2444 247 2488 uva
269 2434 329 2488 tam
346 2443 436 2505 parva
459 2433 494 2487 ut
515 2427 574 2486 nisi
591 2427 787 2506 pinguissimo
811 2425 873 2486 solo
897 2425 995 2487 colere
1019 2443 1079 2487 non
1102 2430 1208 2507 prosit.
1225 2439 1253 2480 2⁵

190 2517 346 2594 eugeniam
360 2513 604 2576 Tauromenitani
617 2515 708 2576 colles
722 2533 791 2576 cum
805 2517 1013 2594 generositatis
1031 2518 1209 2595 cognomine

69 2597 94 2654 -'
189 2607 298 2664 misere
312 2601 424 2663 Albano
439 2611 554 2666 tantum
568 2622 649 2686 agro,
667 2606 807 2683 quoniam
824 2604 929 2665 tralata
947 2604 1047 2665 statim
1065 2613 1210 2667 mutatur.

190 2711 317 2771 namque
336 2699 383 2752 est
400 2691 507 2771 aliquis
525 2701 627 2755 tantus
644 2693 779 2754 locorum
802 2711 885 2753 amor
907 2701 942 2754 ut
964 2711 1083 2754 omnem
1105 2697 1137 2755 in
1160 2695 1209 2756 bis

138 2788 173 2838 26
191 2781 313 2861 gloriam
332 2799 417 2842 suam
434 2781 606 2861 relinquant
624 2801 679 2843 nec
698 2801 825 2862 usquam
839 2790 992 2843 transeant
1010 2791 1098 2844 totae.
1127 2785 1208 2863 quod

147 2884 173 2923 1⁸
191 2878 221 2931 et
242 2873 274 2931 in
296 2870 417 2930 Raetica
435 2868 680 2951 Allobrogicaque
705 2890 792 2951 quam
817 2889 906 2951 supra
928 2873 1058 2951 picatam
1081 2872 1207 2953 appella·
1223 2885 1251 2925 ³⁰
1299 2937 1300 2962 ,

261 3059 388 3114 Aminus
406 3077 429 3113 o.
502 3065 536 3115 12
555 3061 705 3116 distDctl.
725 3061 731 3130 l
750 3059 854 3116 nimiae
872 3061 1140 3120 neddaotaflard.
1169 3064 1208 3118 -ie

190 3136 239 3187 dr.
267 3131 307 3186 ia
324 3131 437 3187 rHurd.
521 3137 554 3187 tv
572 3132 636 3202 ipsu
652 3133 693 3188 ed.
707 3131 798 3202 Laud.
826 3148 886 3187 -sse
904 3133 1137 3204 edd.anteLogd.
1165 3134 1211 3190 -se

106 3208 109 3216 “
189 3219 212 3257 r.
285 3208 319 3257 19
337 3202 455 3274 frigidos
473 3202 573 3258 n²d¹o
602 3203 665 3258 -dus
682 3202 764 3259 rSsll.
781 3204 785 3272 Ι
801 3205 936 3273 respuunt
952 3207 998 3259 do.
1022 3207 1140 3274 paratur
1154 3212 1207 3260 Ite.

189 3273 277 3327 -uibor
295 3273 378 3328 anl.
404 3278 409 3342 Ι
432 3275 528 3330 nullae
546 3276 712 3330 lieddunte
719 3275 799 3330 Brot.
828 3275 867 3329 -le
885 3279 930 3332 cd.
962 3275 1003 3329 -lo
1020 3275 1122 3332 aBrot.

190 3349 227 3398 20
244 3343 361 3399 celerius
379 3345 544 3401 maturescit
559 3346 644 3401 oSa'lt.
734 3353 767 3402 21
788 3347 894 3422 etr-uria
911 3350 953 3399 dr
962 3346 1206 3416 adobruunt.

190 3417 221 3470 et
236 3414 333 3470 rubria
349 3421 399 3469 no.
432 3417 495 3472 -bra
513 3417 772 3473 aedd.mrtanrd.
845 3424 880 3472 23
898 3417 1072 3487 distPr'ntl
1092 3434 1107 3473 e
1128 3419 1207 3478 Pone.

190 3502 242 3541 orn.
255 3487 313 3541 lto.
330 3487 335 3554 Ι
351 3486 480 3542 Thasove
498 3504 523 3542 o.
550 3488 678 3544 thasiove
696 3490 750 3557 (tn.-
768 3490 801 3557 n)
820 3489 848 3544 ll.
934 3495 970 3544 24
986 3489 1102 3545 inferior
1118 3489 1206 3545 wdo.

190 3557 274 3612 interi
289 3559 335 3615 nt
364 3557 433 3613 -rior
450 3575 474 3614 r.
496 3559 501 3626 Ι
524 3558 658 3614 aminneis
676 3561 720 3614 12¹.
743 3560 748 3631 Ι
770 3577 809 3615 ac
827 3562 858 3614 at
873 3559 1060 3630 praetenera?
1088 3562 1140 3630 cfr.
1155 3562 1206 3619 Go-

191 3629 255 3684 lum.
269 3631 359 3697 1112,
368 3633 416 3686 24.
494 3632 528 3682 28
548 3630 721 3686 omneminus
739 3649 783 3686 aa.
812 3633 958 3687 omeminis
977 3637 1001 3688 d.
