2636 3952
190 137 254 202 206
415 134 420 139 ’
536 131 565 186 O.
584 131 683 186 PLINI
701 128 859 186 suenum

190 287 384 348 adservantur
406 284 552 367 inclusae,
580 285 668 346 sicuti
692 285 796 345 aranei
816 301 951 364 quoque,
978 281 1088 361 alioqui
1115 290 1202 342 suotu

189 378 329 437 viventes.
379 377 445 436 ideo
475 375 589 436 nullum
619 375 721 435 interit
751 374 827 434 lame
858 379 908 432 aut
938 373 987 432 siti
1017 380 1202 432 venenatum.

189 483 256 525 nam
284 464 490 544 neqnecalor
517 465 563 524 bis
592 481 647 524 neo
676 465 795 543 sanguis
823 479 879 521 nec
907 452 1011 542 sudor,
1039 478 1115 539 quae
1144 462 1202 519 avi·

188 553 310 614 ditatem
329 553 456 614 naturali
479 553 539 612 sale
563 560 680 631 augent.
726 554 757 612 in
781 569 840 630 quo
864 567 973 630 genere
993 551 1091 609 anania
1110 551 1203 627 magis

136 653 185 700 100
197 642 332 724 exitialia,
356 645 381 702 si
405 659 494 702 svium
511 659 606 720 genus
630 641 718 701 edere
743 649 901 719 antequam
920 646 1055 699 noceant.
1102 638 1229 698 eondit⁵

139 803 140 808 γ
187 733 217 790 in
241 731 397 791 thesauros
421 729 606 790 maxillarum
630 729 730 789 cibum
753 731 958 808 sphingiorum
982 735 1012 788 et
1035 735 1201 806 satyrorum

186 837 289 897 genus
335 837 403 880 mox
426 819 495 879 inde
519 821 630 879 sensim
655 818 690 878 ad
714 815 914 879 mandendum
937 815 1073 878 menibus
1097 833 1201 896 expro-

187 911 253 989 mit,
277 916 306 968 et
329 907 409 987 qnod
433 908 566 968 formicis
589 910 620 966 in
645 925 755 967 ennum
779 906 920 968 sollemne
945 913 991 966 est
1013 906 1060 966 bis
1083 908 1115 966 in
1137 906 1201 966 dies

186 995 232 1056 vel
262 996 358 1057 horas
413 991 432 1056 7
437 991 471 1058 3.
509 1013 602 1055 vinum
632 995 739 1055 animal
752 1033 756 1038 -
769 995 877 1074 digitos
907 994 1081 1055 habentium
1110 993 1201 1056 herba

186 1084 287 1166 alitur,
315 1085 413 1166 lepus3
441 1084 493 1145 sed
518 1092 548 1144 et
570 1085 656 1163 lrvrge
681 1082 858 1163 solidipedes
886 1095 917 1144 et
940 1102 956 1144 e
981 1082 1102 1144 bisulcis
1132 1099 1200 1145 sues
1216 1096 1244 1134 10

186 1176 266 1234 omni
289 1173 388 1234 cibatu
417 1181 447 1233 et
474 1172 632 1233 radicibus
680 1172 875 1252 solidipedum
903 1171 1044 1233 volutatio
1071 1174 1200 1253 propria.

185 1270 369 1323 serratorum
392 1262 526 1321 dentium
550 1264 704 1322 carnivora
728 1271 798 1322 sunt
822 1263 927 1322 omnia.
964 1263 1029 1322 ursi
1052 1270 1082 1321 et
1106 1262 1200 1342 fruge,

185 1351 299 1432 fronde,
321 1350 481 1432 vindemia,
509 1353 606 1428 pomis
633 1351 736 1410 vivunt
763 1359 793 1411 et
820 1350 940 1432 apibvm,
968 1351 1083 1409 canoris
1111 1352 1200 1410 etiam

132 1449 228 1498 200ac
252 1439 393 1500 formicis
439 1439 515 1520 lupi,
539 1447 571 1499 ut
595 1439 736 1520 diximus,
761 1448 790 1500 et
812 1448 894 1500 terra
916 1441 948 1498 in
976 1439 1061 1499 lame.
1107 1457 1200 1518 pecus

130 1517 265 1606 ⁸²⁸³potu
288 1528 471 1607 pinguescit,
498 1527 564 1609 ideo
589 1527 636 1587 sal
654 1527 712 1588 illis
737 1530 916 1607 aptissimus.
963 1529 1035 1587 item
1058 1529 1199 1609 veterina,
1214 1540 1241 1579 15

184 1633 361 1694 quamquam
385 1625 415 1674 et
438 1616 523 1694 fruge
548 1625 578 1676 et
606 1616 706 1678 herba.
754 1616 806 1677 sed
834 1625 868 1677 ut
894 1614 998 1676 bibere
1027 1617 1070 1676 sio
1098 1615 1198 1676 edunt.

182 1706 334 1764 ruminant
353 1706 547 1783 praetoriam
567 1705 644 1765 dieta
666 1705 846 1766 silvestrium
869 1707 963 1786 cervi,
986 1723 1054 1765 cum
1076 1723 1092 1764 a
1113 1704 1198 1764 nobis

183 1792 319 1874 aluntur,
354 1795 452 1852 omnia
482 1801 580 1854 autem
611 1796 737 1854 iacentia
765 1796 866 1874 potius
896 1811 985 1872 quam
1015 1795 1138 1876 stantia,
1167 1801 1198 1852 et

182 1880 278 1940 hieme
304 1883 395 1960 magis
415 1900 504 1960 quam
528 1890 653 1964 aestate,
677 1885 808 1962 septenis
831 1883 894 1943 lere
918 1881 1080 1946 mensibus
1125 1900 1195 1960 pon·

182 1971 233 2029 tioi
257 1987 375 2048 quoque
400 1989 501 2030 mures
525 1971 613 2031 simili
637 1972 724 2032 modo
748 1971 934 2033 remandunt.
1209 1981 1236 2022 20

129 2067 178 2115 201
249 2053 323 2141 (94)
354 2059 388 2119 ln
415 2069 488 2140 potu
517 2068 615 2120 autem
646 2059 755 2138 quibus
785 2062 891 2121 serrati
921 2059 1026 2120 dentes
1056 2058 1198 2140 lambunt,

181 2156 210 2206 et
232 2165 333 2208 merres
352 2147 383 2208 hi
403 2147 539 2226 vulgares
561 2151 693 2227 quamvis
716 2148 829 2209 exalia
851 2166 960 2228 genere
983 2149 1051 2208 sint.
1089 2147 1196 2226 quibus

180 2238 314 2297 continui
342 2236 447 2297 dentes
475 2237 610 2319 sorbent,
638 2244 671 2298 ut
699 2239 783 2319 equi,
811 2237 910 2298 boves.
957 2245 1097 2297 neutrum
1124 2239 1198 2317 rarsi,

180 2325 231 2384 sod
255 2343 361 2404 aquam
388 2343 509 2404 quicque
537 2343 639 2386 morsu
668 2334 780 2386 vorant.
814 2328 857 2388 ein
880 2326 978 2386 Africa
1007 2327 1100 2386 maior
1126 2343 1197 2405 pars

180 2414 311 2474 terarum
340 2421 451 2474 aestate
484 2433 543 2474 nou
573 2414 679 2476 bibunt
713 2417 812 2493 inopia
845 2414 1001 2494 imbrium,
1038 2431 1128 2493 qvvam
1157 2413 1196 2475 ob
1209 2426 1237 2467 2⁵

180 2519 298 2562 eausam
321 2505 408 2581 eapti
423 2521 524 2564 mures
543 2502 655 2585 Libyci,
678 2505 704 2563 si
722 2502 834 2584 bibere,
858 2505 1036 2564 moriuntur.
1074 2521 1196 2582 orygem

178 2597 324 2670 perpetuo
353 2592 482 2652 sitientia
512 2593 628 2654 Africae
658 2601 802 2670 generant
832 2610 868 2652 ex
899 2600 1005 2652 natura
1034 2592 1092 2652 loci
1122 2600 1195 2671 potu

179 2687 343 2760 carentem,
361 2687 391 2740 et
410 2679 537 2741 mirabili
556 2680 693 2742 modoad
712 2681 842 2741 remedia
862 2682 1036 2742 sitientium.
1066 2697 1194 2760 namque

178 2766 293 2828 Gaetuli
325 2767 456 2828 latrones
489 2787 523 2829 eo
556 2769 665 2830 durant
697 2768 805 2830 auxilio
838 2771 966 2848 repertis
997 2771 1029 2828 in
1067 2787 1193 2849 corpore

124 2866 290 2916 abacorum
320 2856 507 2918 saluberrimi
536 2856 661 2937 liquoris
692 2859 807 2920 vesicis.
859 2857 994 2919 insidunt
1023 2859 1055 2918 in
1088 2858 1192 2920 eadem
1207 2869 1235 2910 ³0

176 2945 274 3006 Africa
292 2945 377 3024 pardi
396 2947 545 3007 condensa
564 2945 680 3028 arbore,
703 2946 903 3024 occultatique
922 2959 1025 3007 earum
1048 2949 1139 3008 ramis
1161 2949 1194 3008 in

175 3027 396 3112 praetereuntia
420 3035 562 3097 desiliunt
585 3042 674 3115 atque
698 3054 713 3095 e
737 3034 892 3096 volucrum
916 3034 986 3096 sede
1010 3044 1193 3114 grassantes

235 3186 242 3191 -
248 3181 388 3192 ,Μαι-κ.-

247 3262 362 3316 leuobu
379 3258 464 3314 rtdo.
490 3277 535 3313 ru-
552 3275 576 3314 r.
649 3259 729 3316 abis
747 3265 772 3316 d.
797 3259 822 3314 is
840 3277 864 3316 r.
880 3261 885 3331 Ι
902 3260 1015 3330 sanguis
1034 3263 1058 3314 d.
1084 3256 1151 3314 duis
1169 3275 1192 3316 r.

246 3331 475 3402 dsphingiorum
493 3331 580 3386 Baro.
610 3331 665 3402 spi·
684 3336 742 3386 mv.
771 3347 834 3402 spo·
852 3336 877 3386 d.
906 3331 1086 3402 spingionum
1103 3345 1127 3386 r.

174 3406 223 3456 7.8
242 3417 257 3457 e
295 3403 382 3458 remit
398 3403 438 3456 od.
453 3402 526 3457 Bos
549 3401 659 3472 primis
671 3403 699 3457 ll.
773 3408 808 3458 10
826 3419 889 3457 sues
907 3402 994 3458 auo.
1018 3401 1076 3457 suis
1094 3419 1117 3458 r.

174 3479 207 3528 16
225 3474 258 3528 ut
293 3472 370 3528 ibere
388 3471 484 3527 We.
512 3473 607 3528 uiuere
625 3490 650 3530 r.
727 3475 896 3543 rapotae.
924 3475 997 3528 tum
1014 3471 1092 3542 ΙΨ.
1120 3488 1191 3542 pon·

171 3545 232 3597 tum
245 3559 269 3598 r.
341 3549 375 3600 27
395 3542 499 3598 africae
517 3547 543 3599 d.
576 3559 622 3599 -oa
639 3561 663 3600 r.
686 3547 694 3614 l
719 3545 813 3600 nabori
830 3546 893 3600 loco
913 3545 950 3600 2¹.
984 3544 1049 3600 -roli
1067 3543 1131 3600 loeo
1149 3542 1188 3597 ι’.

243 3617 277 3668 08
296 3615 438 3670 carentem
456 3619 487 3668 B.
517 3617 557 3671 ·te
574 3631 598 3670 r.
671 3620 706 3670 29
724 3616 754 3672 in
772 3633 796 3672 o.
824 3633 876 3688 pro
893 3617 923 3671 in
940 3615 1017 3671 W.
1044 3631 1138 3686 pror.
