2628 3950
512 153 719 210 PRAEFATIO
1028 179 1130 226 xxvn

110 305 203 364 editio
228 302 458 363 coloniensis
487 295 621 384 (minore
648 306 680 364 et
707 306 821 366 maiore
847 298 963 387 forma)
991 325 1018 367 a.
1044 310 1129 368 1524

111 392 252 469 auspiciis
282 391 404 451 Ioannis
435 391 600 452 Caesarii
632 393 791 472 adornata,
824 395 876 472 qui
908 396 1066 456 innumera
1097 415 1129 458 se

110 481 218 542 menda
241 481 405 541 correxisse
429 481 465 540 de
489 499 521 540 se
544 480 742 557 praedicavit,
771 483 836 560 sed,
865 502 1046 562 quamquam
1069 504 1129 546 non

110 571 261 630 infelicem
284 571 347 629 eius
371 589 494 646 operam
516 570 661 629 Erasmus
685 571 768 645 dixit,
792 574 900 647 tamen,
925 593 994 633 oum
1016 574 1129 633 nullius

54 682 56 685 ·
112 659 219 720 rudius
244 659 378 718 subsidio
400 660 554 732 uteretur,
577 677 638 718 non
659 659 790 719 multum
812 663 1001 737 praestitisse
1025 664 1057 722 et
1078 683 1128 739 pe-

110 749 254 808 culiarem
275 748 377 824 potius
401 747 521 806 laudem
549 748 733 824 quaesivisse
756 749 877 809 videtur
899 751 1008 811 vitiato
1036 752 1128 811 titulo

110 839 248 898 historiae
264 838 368 896 mvndi
390 838 421 895 et
443 837 566 896 inventa
589 855 607 895 a
630 855 662 896 se
687 831 843 898 ‘concinna
863 840 980 899 ratione
999 840 1129 916 quadum

111 925 283 986 Pliniannm
305 943 380 1002 opus
403 925 435 984 in
458 926 575 1001 septem
597 926 774 1002 pemptadas
798 922 1015 1003 dispertiendi'.
1058 976 1062 985 .

177 1013 304 1074 Tertia
333 1013 460 1090 denique
491 1017 591 1074 aetas
626 1033 730 1074 aarum
759 1018 806 1076 est
836 1016 1015 1094 editionum,
1050 1037 1126 1095 quae

109 1103 253 1180 proximis
277 1121 328 1162 sex
350 1103 455 1162 lustris
474 1103 641 1163 Basileus
665 1123 702 1164 ex
724 1104 819 1164 nobili
841 1105 984 1164 Frobenii
1006 1105 1126 1165 officina

108 1192 295 1269 prodierunt.
344 1192 391 1250 his
417 1191 553 1269 profecto
581 1191 762 1253 editionibus
791 1193 959 1254 emendatio
987 1194 1127 1253 Pliniana

109 1284 179 1357 post
192 1281 322 1340 Barbari
336 1281 437 1340 studia
450 1282 580 1340 maxima
593 1299 628 1340 ao
645 1282 812 1341 laetissima
830 1282 1015 1342 incrementa
1034 1283 1128 1359 oepit3

107 1371 141 1428 in
161 1370 210 1428 his
232 1370 376 1445 vulgatas
400 1389 490 1446 quam
512 1369 615 1429 dicunt
636 1371 773 1430 lectionis
802 1370 841 1430 ad
867 1375 1005 1430 nostrum
1032 1389 1127 1448 usque

108 1459 263 1518 saeculum
281 1458 376 1517 solida
392 1457 587 1517 fundamenta
604 1459 684 1518 iacta
703 1461 782 1519 sunt.
827 1459 1025 1536 praefuerunt
1047 1461 1128 1520 enim

108 1549 266 1608 contextus
285 1547 471 1606 emaculandi
489 1549 521 1607 et
539 1548 638 1624 operis
656 1549 870 1625 typographioi
888 1549 1057 1626 castigandi
1075 1567 1126 1608 ne·

110 1637 194 1713 gotio
213 1636 347 1695 homines
367 1635 571 1712 eruditissimi,
595 1636 647 1712 qui
669 1655 729 1696 non
752 1638 850 1696 solum
873 1638 1053 1714 exquisitam
1068 1638 1125 1696 La·

108 1726 190 1786 tinae
212 1725 335 1801 linguae
359 1724 515 1784 seientiam
538 1727 569 1784 et
596 1725 794 1801 multiplicem
821 1727 1014 1802 antiquarum
1043 1727 1126 1786 litte·

109 1831 213 1872 rarum
234 1813 394 1892 lectionem
416 1831 684 1890 eorumquoquae
710 1815 792 1873 illius
821 1816 929 1874 aetatis
956 1815 1014 1875 viri
1047 1814 1127 1875 docti

109 1906 179 1978 apte
202 1902 446 1978 excogitaverant
469 1906 640 1962 accuratam
663 1903 865 1978 cognitionem
887 1903 1047 1980 habebant,
1075 1903 1127 1962 sed

108 1992 202 2051 otiam
224 1991 383 2067 repudiata
405 1990 542 2051 mutandi
564 1991 688 2049 libidine
711 2011 748 2050 ex
775 1991 861 2050 bonis
885 1991 1036 2051 codicibus
1060 1991 1126 2050 dili-

108 2080 285 2158 gentissIme
315 2080 432 2140 collatis
463 2081 626 2156 praecipua
656 2079 801 2140 vitiorum
832 2080 965 2138 remedia
996 2079 1126 2156 petenda

108 2187 174 2230 esse
202 2168 459 2253 intellegebant„
474 2186 510 2228 ao
535 2169 665 2244 primam
691 2168 812 2244 quidem
841 2187 868 2227 a.
893 2167 978 2227 1525
1008 2168 1126 2229 curavit

107 2257 285 2340 Desiderius
308 2258 478 2316 Erasmus
502 2257 733 2334 Roterodamus,
762 2258 826 2333 qui,
849 2260 884 2315 ut
911 2257 976 2333 ipse
1000 2256 1073 2316 dicit
1095 2257 1127 2316 in

108 2347 241 2423 epistula
258 2346 484 2423 nuncupatoria,
504 2339 553 2404 ‘ex
570 2347 774 2406 vetustissimo
789 2344 919 2421 quodam
937 2345 1047 2422 codice,
1065 2345 1126 2419 sed,

108 2438 145 2494 ut
166 2436 231 2494 fere
255 2438 339 2511 sunt,
367 2435 615 2511 depravatissimo
639 2435 750 2511 scripto
772 2453 833 2493 non
859 2453 955 2510 pauca
981 2435 1126 2512 restituit,

109 2543 187 2600 quae
201 2524 278 2583 citra
292 2523 459 2583 subsidium
473 2525 651 2600 exemplaris
671 2524 782 2600 corrigi
799 2543 860 2582 non
877 2525 1018 2600 poterant
1037 2541 1126 2600 quae-

109 2633 168 2689 que
197 2613 342 2673 hactenus
370 2631 388 2671 a
414 2613 533 2672 nemine
559 2613 681 2672 fuerant
708 2606 937 2672 animadversa'.
986 2613 1066 2688 quod
1092 2615 1128 2670 ut

109 2701 333 2778 comprobaret,
357 2704 502 2778 quattuor
525 2701 741 2761 emendationis
765 2701 901 2776 exempla
929 2693 975 2782 (in
997 2701 1044 2759 bis
1068 2701 1127 2759 XII

97 2793 153 2850 >19
173 2789 346 2864 Aethiopiae
367 2791 513 2864 formo..
533 2791 626 2850 allato
648 2793 679 2850 et
697 2789 773 2848 XIII
794 2792 864 2862 131,
889 2789 942 2848 ubi
964 2791 1034 2848 ante
1058 2807 1127 2848 eum

108 2880 270 2956 vulgatum
294 2880 360 2938 erat
383 2897 453 2954 opes
471 2897 580 2952 panorm
601 2897 761 2952 numquam
783 2880 818 2938 de
839 2881 911 2951 flore
933 2880 1016 2952 cytisi
1032 2880 1128 2952 poda

108 2969 171 3026 lum
185 2959 390 3048 contiopcates)
403 2969 468 3044 ipse
481 2968 647 3044 proposuit.
674 2970 832 3044 praeterea
846 2967 984 3043 antiquos
1003 2967 1129 3043 scripto·

109 3074 160 3116 res
188 3060 220 3116 et
248 3055 379 3117 Graecos
407 3060 438 3117 et
465 3055 589 3115 Latinos
618 3057 755 3115 accurate
786 3056 913 3115 contulit
942 3059 973 3115 et
998 3055 1129 3115 Barbari

108 3145 362 3222 castigationibus
382 3145 533 3205 sollertius
552 3162 642 3222 quam
664 3144 780 3220 priores
803 3161 875 3204 usus
899 3146 946 3204 cst
964 3145 995 3203 et
1013 3143 1128 3203 Budaei

109 3233 148 3293 de
171 3252 238 3294 asse
260 3235 374 3294 librum
397 3235 603 3309 editionesque
627 3231 834 3293 Coloniensem
857 3231 991 3292 Caesarii
1018 3234 1050 3291 et
1072 3232 1127 3290 Pa-

109 3323 238 3382 risinam
264 3323 384 3383 Nicolai
409 3322 533 3382 Beraldi
560 3314 601 3403 (a.
627 3314 727 3403 1513)
751 3321 898 3382 adhibuit.
945 3339 1036 3397 quare
1060 3339 1128 3380 cum

108 3411 237 3472 dubium
250 3414 331 3471 esset
344 3431 383 3471 an
398 3431 435 3471 ex
448 3412 634 3486 lectionibus,
650 3429 724 3486 quas
739 3409 819 3487 apud
828 3410 988 3470 Erasmum
996 3410 1129 3486 primum

108 3501 220 3578 inveni,
239 3501 399 3561 nonnullae
415 3501 526 3560 rectius
546 3499 687 3559 Caesario
706 3500 811 3559 aliisve
830 3493 1051 3572 tribuerentrrr,!
1067 3515 1128 3556 non

109 3589 240 3668 Erasini,
264 3591 318 3650 sed
341 3577 492 3664 ‘editIouis
514 3582 709 3648 Basileensis'
733 3588 852 3647 nomine
876 3604 927 3644 eas
951 3583 1128 3660 significavi.
