2620 3948
155 96 198 160 84
501 94 529 148 c.
549 94 648 148 emm
668 31 828 166 suenum
865 102 867 105 ·

153 243 295 305 miraculo
320 251 443 322 stupens
467 245 633 302 intantum
656 250 785 322 utequo
809 251 859 305 aut
877 243 985 304 bucula
1009 244 1169 304 accedente

152 335 277 413 propius
309 331 460 394 bominem
492 333 573 390 iuxta
605 339 762 392 venantem
794 351 870 408 uon¹
887 340 1011 392 cernant
1043 339 1106 412 aut,
1144 335 1170 391 si

153 428 290 501 cernant,
323 438 424 480 arcum
452 422 551 500 ipsum
581 422 761 498 sagittasque
789 423 944 482 mirentur.
991 423 1083 481 maria
1109 428 1168 481 tra.-

152 517 252 570 meant
275 511 418 587 gregatim
440 515 545 569 nantes
566 518 706 588 porrecto
730 509 833 573 ordine
857 517 887 571 et
906 512 1002 588 capita
1024 512 1167 588 inponen—

152 609 198 660 tes
218 598 460 678 praecedcntium
484 597 621 658 clunibus
639 596 813 676 vicibusque
837 598 873 658 ad
892 605 976 678 terga
999 599 1196 658 redeuntes.5

152 687 208 748 hoc
236 687 361 746 maxime
388 694 508 747 notatur
536 705 552 746 a
576 686 676 747 Cilicia
699 685 830 766 Cyprum
852 687 1066 748 traicientibus,
1113 705 1168 746 nec

100 782 151 830 115
161 775 262 836 vident
284 783 393 857 terras,
418 775 470 836 sed
493 777 526 836 in
548 775 639 836 odore
663 794 764 836 earum
785 783 899 836 natant.
937 794 1048 836 cornua
1072 794 1167 835 mares

152 863 275 944 habeut,
299 863 413 943 solique
437 864 607 925 animalium
627 863 764 925 omnibus
786 867 873 924 ¹aruns
898 858 1076 926 stato'veris
1094 872 1167 924 tem·

139 973 224 1034 pore
249 955 395 1014 amittunt.
436 953 503 1014 ideo
528 952 583 1014 sub
606 955 662 1013 ista
685 953 733 1013 die
746 971 846 1032 quam
868 955 993 1014 maxime
1017 955 1094 1013 invia
1117 972 1167 1036 pe·

151 1050 235 1103 tunt:
272 1041 364 1102 latent
392 1044 508 1102 annssis
535 1041 616 1102 velut
643 1044 781 1102 inermes.
829 1041 880 1102 sed
905 1049 934 1102 et
957 1042 988 1101 bi
1011 1041 1089 1102 bono
1114 1055 1210 1102 suo1o

152 1133 326 1192 invidentes.
377 1131 516 1191 dextrum
543 1149 637 1191 cornu
665 1139 774 1210 negant
801 1132 928 1191 inveniri
959 1149 1015 1190 ceu
1042 1130 1168 1190 medica·

152 1228 252 1280 mento
284 1218 381 1298 aliquo
408 1220 590 1300 praeditum,
622 1218 711 1298 idque
741 1218 906 1280 mirabilius
934 1219 1086 1280 fatendum
1115 1226 1169 1300 est,

140 1317 221 1369 'cum
249 1316 279 1368 et
301 1311 331 1368 in
354 1310 472 1368 vivariis
500 1315 616 1368 mutent
644 1307 782 1368 omnibus
811 1311 906 1368 annis:
951 1306 1109 1368 defodiat
1133 1310 1169 1367 iis

152 1404 265 1476 putant.
297 1398 414 1456 accensi
433 1404 533 1457 autem
550 1399 649 1458 utrius
668 1396 757 1457 libeat
776 1397 867 1457 odore
890 1398 1054 1457 comitiales
1073 1395 1169 1456 morbi

100 1492 151 1541 116
162 1485 434 1565 deprehenduntur.
484 1485 591 1545 indicia
623 1503 741 1564 quoque
772 1487 876 1546 aetatis
906 1488 937 1545 in
967 1485 1024 1545 illis
1052 1492 1169 1564 gerunt,
1185 1496 1210 1536 1⁵

69 1605 71 1609 ·
153 1573 285 1652 singulos
309 1575 393 1633 annis
417 1573 613 1634 adicientibus
637 1591 735 1633 ramos
758 1593 854 1653 usqne
877 1574 913 1634 ad
937 1592 1091 1634 sexennes
1134 1573 1169 1633 ab

154 1681 188 1722 eo
212 1671 347 1741 tempore
370 1661 476 1721 similia
499 1664 701 1742 revivescunt,
727 1681 782 1722 nec
805 1671 912 1742 potest
927 1671 1007 1741 aetas
1030 1662 1171 1742 discerni,

153 1751 205 1810 sed
235 1749 375 1811 dentibus
406 1759 526 1810 senecta
556 1750 732 1811 declaratur.
787 1759 854 1813 aut
868 1753 947 1812 enim
976 1769 1087 1830 paucos
1120 1758 1171 1810 aut

153 1838 250 1900 nullos
277 1839 400 1920 habent,
433 1857 488 1898 nec
516 1842 547 1898 in
576 1839 717 1900 cornibus
745 1842 812 1900 imis
841 1858 939 1900 ramos
968 1839 1077 1918 alioqui
1102 1845 1170 1899 ante

102 1930 290 1988 lltlrontem
317 1929 486 2007 prominere
515 1927 617 1988 solitos
646 1928 820 1988 iunioribus.
867 1947 927 1988 non
955 1928 1097 1989 decidunt
1124 1945 1170 1988 ca·
1185 1941 1212 1978 20

154 2019 255 2078 stratis
279 2035 391 2076 cornua
414 2035 469 2076 nec
493 2025 665 2077 nascuntur.
706 2026 868 2096 erumpunt
891 2025 990 2078 autem
1013 2034 1170 2076 renascen-

153 2105 234 2166 tibus
257 2105 414 2166 tuberibus
436 2108 532 2184 primo
561 2105 659 2166 aridae
688 2108 750 2166 cuti
773 2106 887 2166 similia.
934 2106 1036 2166 eadem
1059 2107 1171 2165 teneris

153 2190 326 2255 increscunt
351 2192 455 2256 ferulis
478 2193 677 2255 harundineas
704 2197 736 2254 in
758 2194 911 2274 paniculas
938 2193 1020 2254 molli
1041 2193 1172 2273 plumata

153 2284 301 2361 lanugine.
348 2283 488 2361 quamdiu
512 2291 615 2343 carent
637 2285 688 2363 iis,
711 2282 850 2344 noctibus
872 2282 1042 2364 procedunt
1063 2282 1100 2342 ad
1122 2300 1171 2362 pa·

111 2373 113 2379 ’
155 2371 231 2432 bula
264 2373 462 2432 increscentia
486 2371 557 2432 solis
577 2389 684 2450 vapore
709 2371 818 2432 durant
840 2370 876 2430 ad
900 2371 1022 2431 arbores
1046 2369 1171 2431 subinde
1186 2382 1213 2422 2⁵

155 2463 357 2540 experientem
380 2459 433 2520 ubi
454 2460 566 2538 placuit
589 2458 690 2540 robur,
714 2461 745 2519 in
768 2467 871 2539 aperta
888 2459 1046 2539 prodeunt.
1080 2460 1172 2538 capti-

156 2568 213 2629 que
237 2550 296 2608 iam
319 2556 388 2608 sunt
408 2547 519 2608 hedera
542 2551 573 2608 in
597 2548 738 2609 cornibus
757 2548 917 2628 viridante,
942 2567 977 2608 cx
1001 2551 1104 2608 attritu
1128 2565 1172 2607 ar·

154 2637 263 2698 borum
285 2645 319 2698 ut
337 2639 367 2696 in
387 2637 485 2714 aliquo
505 2636 584 2716 ligno
603 2639 725 2716 teneris,
748 2636 819 2697 dnm
838 2639 1043 2717 experiuntur,
1065 2639 1173 2696 innata.

155 2727 212 2787 fuit
242 2725 398 2804 aliquando
429 2734 459 2785 et
487 2725 611 2785 candido
642 2725 754 2806 colore,
788 2725 905 2804 qualem
932 2726 1025 2786 luisse
1053 2725 1173 2786 tradunt

157 2815 190 2886 Q.
211 2814 326 2874 Sertori
349 2832 467 2875 cervam
490 2831 579 2893 quam
602 2833 668 2874 csso
688 2814 837 2875 fatidicam
855 2813 1013 2893 Hispaniae
1035 2812 1173 2892 gentihus
1187 2823 1215 2863 ³0

104 2910 363 2984 118persuaserat.
409 2910 439 2962 et
465 2901 512 2962 bis
541 2921 610 2963 cum
638 2910 777 2982 serpente
805 2921 913 2983 pugna.
958 2905 1104 2981 vestigant
1127 2921 1172 2962 ca-

157 3011 276 3075 vernas,
299 2993 476 3071 nusiumque
500 2993 607 3072 spiritu
632 2991 791 3053 extrahunt
814 2993 986 3052 renitentes.
1024 2991 1091 3051 ideo
1115 2993 1173 3051 sin·
1208 3003 1212 3010 ·

157 3081 259 3161 gulare
288 3079 440 3160 abigendis
469 3080 659 3159 serpentibus
687 3081 762 3140 odor
789 3080 894 3141 adusto
923 3082 1042 3140 cervino
1071 3098 1173 3159 cornu,

229 3295 253 3342 3.
263 3294 281 3342 4
293 3290 408 3342 tranant
420 3288 522 3343 Robo.
545 3289 724 3342 transnatant
737 3292 787 3342 db.
805 3289 918 3340 tranent
932 3285 1019 3342 Solia.
1030 3292 1128 3352 19,12.

160 3364 193 3412 14
215 3358 304 3413 utrius
327 3359 416 3414 libeat
437 3364 461 3412 d.
490 3359 551 3414 -bet
567 3358 638 3412 Rob.
670 3357 815 3426 utriusque
833 3358 922 3412 libeat
945 3359 1028 3427 (erat
1045 3357 1088 3425 1¹¹)
1110 3373 1134 3410 r.
1169 3357 1173 3426 Ι

158 3429 244 3482 odore
262 3433 315 3483 Ro.
342 3445 383 3483 ue
403 3432 432 3484 et
449 3447 471 3485 r.
531 3435 565 3483 22
585 3430 643 3484 cuti
661 3445 708 3500 epo
725 3445 787 3484 coo.
807 3430 859 3484 lec.
874 3433 963 3498 p.26.
993 3429 1040 3482 tis
1060 3429 1088 3483 n.
1109 3431 1113 3498 Ι
1133 3430 1174 3482 te·

158 3499 233 3551 neris
251 3499 327 3552 Pal.
355 3516 402 3570 ge-
421 3517 444 3554 r.
500 3501 686 3568 estimato!
707 3501 794 3554 etri
822 3516 897 3554 exr.
952 3505 984 3553 31
1005 3502 1131 3558 esboum
1149 3503 1174 3551 d.

230 3575 265 3622 32
284 3569 435 3623 renitentes
453 3570 564 3624 122²(st
592 3571 677 3623 retin-
696 3588 719 3624 r.
