2636 3952
241 165 305 230 148
586 162 615 218 C.
634 162 734 218 PLINI
752 162 910 220 saeuum

238 316 290 394 qui
314 315 414 378 securi
432 319 659 392 supernatantes
680 311 861 392 obtorpuere
884 313 1057 392 corripiens.
1082 344 1124 354 —
1149 305 1253 394 (huius
1304 319 1305 348 t

237 403 331 464 iecori
353 404 496 464 teneritas
523 400 608 462 nulla
631 395 824 482 praefertur.)
848 433 890 444 --
913 419 969 462 nee
997 403 1095 462 minor
1123 399 1253 463 sollertia

237 509 329 552 ranae
348 509 424 570 quae
443 492 568 554 inmari
587 491 729 570 piscatrix
747 497 879 551 vocatur.
905 491 1081 552 eminentia
1104 489 1161 551 sub
1183 509 1252 550 ocu·

237 579 275 642 lis
297 580 449 642 cornicula
471 579 591 642 turbato
614 579 684 640 limo
708 581 831 660 exserit,
862 578 1080 643 adsultantibus
1101 578 1253 659 pisciculis

187 669 421 750 1441detrahens,
451 669 547 730 dcccc
574 675 635 732 tam
657 687 751 750 prope
775 668 917 730 accedant
939 676 974 728 ut
996 667 1120 729 adsiliet.
1166 668 1281 730 similis

238 758 327 820 modo
351 759 488 838 squatina
516 765 546 820 et
568 756 712 818 rhombus
736 757 829 818 abditi
850 759 960 837 pinnas
979 765 1113 818 exsertas
1135 767 1255 818 movent

239 849 340 928 specie
363 845 604 927 vermiculorum,
629 847 701 908 dem
725 865 800 926 quae
823 853 967 908 vocantur
990 847 1077 907 raiae.
1114 865 1182 907 nam
1204 865 1254 925 pa-

239 938 352 999 stinaca
374 935 570 998 latrocinatur
592 953 631 995 cx·
652 935 769 997 occulto
788 943 978 998 transeuntes
996 935 1089 1017 radio,
1111 935 1191 1015 quod
1211 943 1254 996 te·

237 1024 301 1087 lum
325 1033 371 1086 est
393 1027 430 1106 ei,
453 1025 531 1104 ligen
601 1032 775 1103 argumenta
798 1024 946 1086 sollertiae
969 1025 1068 1106 heim,
1093 1025 1173 1104 quod
1195 1033 1254 1086 tar-

238 1114 353 1177 dissimi
370 1115 499 1194 piscium
515 1043 709 1192 hdffnugilem
722 1113 941 1176 velocissimum
960 1115 1093 1175 omnium
1111 1113 1256 1174 habentes
1271 1131 1295 1169 ro

238 1205 271 1265 in
294 1211 398 1264 ventre
421 1204 623 1282 reperiuntur.

187 1299 238 1349 145
307 1285 366 1354 43.
400 1290 620 1371 Scolopendrae
637 1291 835 1355 terrestribus
852 1291 972 1374 similes,
991 1309 1064 1371 quas
1084 1290 1257 1370 centipedes

239 1388 359 1464 vocent,
389 1379 476 1442 hamo
500 1379 641 1441 devorato
669 1383 774 1443 omnia-
796 1383 950 1443 interanea
977 1386 1130 1460 evomunt,
1160 1379 1256 1440 donec

239 1469 360 1532 hamum
384 1475 519 1550 egerant,
542 1467 650 1530 deinde
672 1468 838 1531 resorbeat.
884 1477 914 1530 at
936 1469 1039 1550 vulpes
1063 1470 1192 1529 marinae
1218 1471 1256 1530 si-

239 1557 303 1619 mili
325 1560 356 1619 in
379 1556 513 1636 periculo
536 1556 667 1636 glutiunt
695 1558 820 1638 amplius
843 1577 939 1638 usquc
963 1558 999 1619 ad
1021 1558 1138 1618 infirma
1161 1556 1257 1618 lineae
1273 1573 1295 1612 ιι

240 1645 408 1724 ᾳιιειΐιοϋο
430 1646 618 1725 praecedant.
637 1692 642 1696 -
660 1648 777 1708 cautius
800 1649 852 1726 qui
875 1647 970 1728 glanis
991 1654 1113 1707 vocatm
1136 1664 1257 1706 aversos

240 1735 357 1796 mordet
378 1735 491 1814 hamne,
514 1753 570 1795 uec
594 1735 716 1798 devorat
739 1736 790 1796 scd
815 1754 883 1804 esca
906 1735 1020 1816 spoliat.

308 1817 366 1886 44.
391 1821 549 1887 Grassatur
573 1826 650 1886 aries
674 1831 713 1886 ut·
730 1824 814 1908 latro,
838 1834 868 1886 et
890 1843 970 1886 utino
993 1824 1184 1904 grandiorum
1206 1842 1256 1884 na-

240 1913 321 1974 vium
348 1914 380 1972 in
408 1911 469 1973 salo
497 1913 640 1976 stantium
667 1912 836 1975 occultatus
861 1913 966 1975 umbra
994 1915 1021 1974 si
1048 1930 1137 1992 qinom
1166 1913 1258 1972 nandi

241 2000 375 2079 voluptas
398 2003 503 2062 invitet
526 2008 692 2082 exspectat,
721 2021 803 2064 uuna
826 2002 901 2064 elato
925 2010 1009 2062 extra
1031 2019 1138 2080 aquam
1161 2004 1298 2080 capitem

240 2091 421 2169 piscantium
434 2089 557 2150 cumbas
576 2090 747 2170 speculatur
765 2090 962 2170 occultusque
980 2090 1122 2171 adnatans
1139 2092 1258 2168 mergit.

189 2187 247 2238 tto
309 2172 369 2240 45.
394 2172 468 2261 (68)
491 2177 639 2258 liquidem
658 2179 752 2240 ethis
770 2182 869 2240 inesse
888 2197 1010 2240 sensum
1033 2178 1162 2240 arbitror
1181 2169 1259 2258 quae

241 2285 340 2346 neque
363 2267 534 2328 animalium
557 2285 654 2346 neque
672 2269 816 2330 fruticum
839 2267 891 2328 sed
912 2271 1032 2330 tertiam
1050 2267 1199 2346 quandam
1223 2287 1258 2327 ex

241 2362 370 2434 utroque
394 2362 531 2417 naturam
553 2355 673 2438 hahent,
695 2359 802 2420 urticis
825 2357 892 2418 dico
916 2363 946 2418 et
969 2354 1116 2436 spongeis.

308 2443 426 2506 Urticae
457 2452 548 2506 noctu
578 2451 722 2524 vagantur
752 2450 907 2526 locumque
938 2453 1063 2507 mutant.
1115 2463 1262 2506 carnosae
1277 2462 1299 2500 es

241 2532 356 2592 frondis
379 2532 426 2598 his
449 2541 564 2615 natura,
587 2541 617 2594 et
640 2552 728 2596 carne
752 2541 923 2596 vescuntur.
969 2536 1012 2594 vis
1035 2535 1156 2613 pruritu
1179 2551 1262 2594 mor-

241 2620 297 2681 dax
321 2621 484 2701 eademque
512 2640 587 2701 quae
611 2624 766 2685 terrestris
788 2625 912 2706 urticae.
957 2622 1107 2684 contrahit
1129 2641 1203 2702 ergo
1230 2643 1263 2683 se

243 2728 332 2788 quam
346 2711 472 2771 maxime
486 2713 588 2791 rigens
602 2730 635 2773 ac
649 2719 842 2792 praenatante
860 2711 1004 2792 pisciculo
1023 2711 1160 2772 frondem
1174 2730 1265 2772 suam

191 2809 242 2858 147
252 2801 364 2878 spargit
388 2799 647 2879 complectensque
671 2801 801 2862 devorat.
844 2801 915 2860 alias
938 2801 1082 2861 marcenti
1101 2799 1207 2862 similis
1234 2809 1264 2860 et

242 2889 346 2948 iactari
374 2907 407 2948 se
433 2907 520 2968 passa
543 2888 636 2950 tluctu
664 2888 744 2968 algae
768 2892 845 2970 vice,
882 2896 1035 2950 contactos
1061 2890 1190 2968 piscium
1219 2898 1265 2949 at·
1280 2905 1302 2943 so

243 3027 456 3036 m

314 3076 500 3142 odetrehens
517 3077 562 3131 2².
595 3080 684 3147 pertr-
701 3095 725 3132 r.
756 3079 825 3132 retr·
844 3077 917 3132 Doti.
947 3078 1054 3148 praetr-
1074 3077 1145 3132 corti.
1158 3077 1265 3132 Inous.

315 3151 330 3200 ⁷
349 3145 474 3216 itemque
493 3164 565 3216 quoe
583 3152 614 3202 B.
644 3148 767 3218 itemque
785 3166 808 3204 r.
825 3151 829 3217 Ι
845 3165 911 3204 nem
930 3149 990 3204 llo.
1027 3147 1194 3221 oneum?

244 3223 277 3272 16
296 3235 352 3285 quo
376 3218 413 3272 e¹.
450 3235 522 3288 quae
540 3224 593 3274 Bri.
628 3223 632 3288 l
667 3219 775 3277 cautius
793 3224 818 3274 d.
856 3219 975 3274 cleutius
998 3237 1022 3274 r.
1056 3221 1061 3289 Ι
1095 3235 1212 3275 auersos
1232 3225 1267 3274 Rs
1304 3277 1305 3280 ,

243 3307 302 3343 -sus
321 3305 369 3343 r..
467 3296 501 3346 25
521 3292 642 3361 agantur
659 3296 715 3345 nr.
744 3293 840 3346 -untur
857 3291 896 3345 ⁸¹.
930 3291 934 3360 Ι
967 3291 1116 3360 locumque
1134 3306 1183 3361 ego
1203 3292 1267 3346 coll.
1304 3291 1305 3296 ’

243 3361 332 3415 Arist.
347 3361 372 3415 li.
383 3378 409 3418 o.
425 3364 464 3416 11
475 3366 573 3432 pasl
581 3361 619 3428 B,
632 3368 676 3419 13.
701 3365 775 3417 VIII
785 3368 804 3420 2
816 3380 845 3432 p.
857 3368 912 3419 590
920 3363 956 3430 A,
971 3366 1018 3418 32.
1043 3365 1070 3414 V
1074 3367 1111 3418 1⁶
1119 3378 1153 3432 p.
1163 3363 1268 3423 548Λ.

241 3434 282 3486 24
305 3432 492 3498 ἀπολυόμεναι
515 3439 704 3502 μεταχωροῦει
739 3435 784 3501 (de
803 3439 879 3504 part.
899 3451 945 3490 ou.
963 3436 1039 3488 1115
1053 3451 1086 3503 p.
1099 3435 1269 3501 681A35).
1304 3445 1305 3450 ’

244 3503 384 3571 noctuque
408 3503 466 3559 lto.
574 3510 608 3560 2⁷
632 3505 785 3575 eademque
804 3521 876 3574 quae
900 3505 960 3560 lto.
992 3521 1031 3560 ou
1049 3504 1148 3560 cedem
1166 3505 1269 3574 quae?

245 3570 495 3642 efr.§117.144.
604 3581 638 3631 29
657 3577 794 3633 marcenti
811 3593 866 3647 epo.
899 3576 946 3631 tis
965 3577 1023 3632 ltu.
1056 3575 1107 3642 cfr.
1124 3591 1190 3630 noc.
1211 3577 1268 3632 luc
1304 3615 1305 3622 ι

242 3655 272 3705 p.
291 3646 338 3696 25.
355 3646 359 3710 l
376 3643 475 3700 similis
493 3647 558 3700 Risi.
585 3648 618 3702 -li
636 3665 659 3702 r.
732 3653 767 3702 30
786 3651 943 3704 contractos
960 3651 992 3701 B.
