2620 3948
310 114 588 204 murmurans
607 121 711 168 52—55
731 115 857 183 (ra-81)
1029 115 1090 178 109

77 263 274 341 distinguere,
306 261 375 322 luna
404 280 472 322 cava
500 265 601 322 tristes
629 281 695 322 esse
724 262 832 341 quihus
860 266 890 323 in
919 282 954 322 eo
982 283 1090 342 genere

76 351 170 410 cauda
193 352 245 430 sit,
278 368 382 410 novam
406 349 601 412 exsultatione
625 350 750 412 adorari.
789 370 857 411 nam
880 352 1029 412 delectum
1053 356 1091 413 si-

76 440 183 499 derum
213 447 243 500 et
270 446 387 500 ceterae
413 448 523 518 pavent
549 439 754 518 quadripedes.
801 443 954 501 simiarum
980 444 1083 520 generi
1093 448 1144 498 216

74 529 235 606 praecipua
259 546 329 606 erga
352 528 445 588 letum
469 528 604 589 adlectio.
637 535 752 606 gestant
776 528 889 590 catulos
912 547 987 608 quae
1011 548 1090 590 man-

46 617 225 677 ssuelactae
262 618 341 676 intra
378 616 481 676 domos
517 635 676 696 peperere,
714 617 851 677 omnihus
888 617 1092 679 demonstrant

75 707 256 782 tractarique
280 705 421 785 gaudent,
452 705 680 784 gratulationem
706 705 948 784 intellegentibus
971 707 1091 768 similes.

73 795 176 871 itaque
207 811 310 871 magna
342 811 377 854 ex
407 802 490 871 parte
521 793 745 873 complectendo
775 803 890 855 necant.
943 796 1092 856 efferatior

75 881 283 960 cynocephalis
316 889 420 942 natura
453 885 531 942 sicut
563 884 717 942 mitissima
750 885 864 961 satyris.
913 883 1091 945 callitriches

74 977 139 1029 toto
167 989 260 1048 paene
290 978 412 1048 aspectu
441 971 594 1051 differunt,
627 971 717 1030 barha
745 980 791 1030 est
820 973 852 1031 in
879 972 967 1052 facie,
1000 973 1091 1032 cauda

34 1073 60 1114 1o
74 1058 133 1118 late
154 1060 219 1118 lusa
238 1061 362 1137 primori
380 1051 473 1138 parte.
506 1059 562 1119 hoc
586 1060 692 1119 animal
716 1068 841 1138 negatur
860 1062 957 1120 virere
981 1063 1011 1119 in
1035 1061 1091 1120 alio

74 1165 166 1225 quam
188 1147 360 1226 Aethiopiae
384 1166 443 1226 quo
467 1149 598 1226 gignitur
622 1148 711 1208 caelo.

144 1229 203 1298 55,
226 1229 300 1318 (81)
330 1234 368 1296 Et
391 1236 527 1314 leporum
550 1236 635 1316 plura
658 1246 729 1298 sunt
751 1254 868 1315 genera.
905 1239 936 1297 iu
960 1237 1144 1316 alpibusmr

74 1324 194 1384 candidi
222 1323 330 1403 quibus
358 1324 491 1385 hibernis
520 1325 672 1387 mensibus
699 1343 754 1404 pro
778 1325 877 1386 cibatu
905 1326 1003 1385 nivem
1028 1344 1091 1386 cre·
1196 1403 1197 1406 Ἴ

74 1413 151 1472 dunt
174 1431 249 1473 esse.
279 1420 361 1472 certe
379 1413 562 1492 liquescente
587 1432 620 1474 ea
639 1413 818 1474 rutilescunt
841 1415 925 1474 annis
945 1413 1091 1496 omuibus

36 1517 60 1556 15
74 1510 106 1561 et
125 1509 172 1561 est
190 1500 299 1580 ahoqui
322 1502 429 1561 animal
446 1503 623 1563 intolerandi
641 1505 749 1580 rigoris
768 1503 927 1564 alumnum.
955 1502 1091 1582 leporum

74 1592 195 1669 generis
219 1598 289 1650 suut
312 1599 343 1650 et
366 1609 440 1669 quos
459 1590 599 1670 Hispania
622 1591 776 1651 cuniculos
799 1591 935 1672 appellat,
958 1591 1090 1659 fecundi·
1172 1641 1177 1644 .

74 1681 144 1739 tatis
168 1681 340 1739 innumerae
362 1680 528 1758 famemque
548 1679 696 1740 Baliarum
718 1679 823 1740 insulis
844 1680 991 1759 populatis
1015 1699 1090 1740 mes-

74 1767 160 1827 sibus
183 1767 358 1830 adlerentes.
398 1768 476 1828 letus
499 1772 596 1829 ventri
619 1777 754 1829 exsectos
778 1769 823 1828 vel
847 1768 990 1829 uberibus
1013 1769 1090 1828 abla-

74 1864 122 1915 tos
146 1874 206 1916 nou
230 1859 397 1935 repurgatis
420 1859 580 1917 interaneis
603 1859 771 1936 gratissimo
796 1859 827 1918 in
850 1857 949 1918 cibatu
972 1856 1090 1917 habent.

36 1960 61 1999 so
75 1945 205 2004 laurices
223 1953 336 2005 vocant.
364 1952 480 2005 certum
503 1953 549 2006 est
567 1944 726 2006 Baliaricos
745 1945 886 2005 adversus
905 1953 1082 2024 proventum
1093 1953 1144 2001 218

75 2051 182 2093 eorum
210 2033 351 2094 auxilium
378 2033 504 2094 militare
532 2034 638 2094 adiro
662 2035 795 2112 Augusto
822 2035 951 2111 petisse„
987 2051 1091 2112 magna

73 2130 200 2201 propter
223 2129 361 2182 venatum
384 2140 454 2184 eum
476 2124 601 2182 viverris
623 2125 715 2201 gratia
739 2130 792 2181 est.
838 2123 964 2181 iniciunt
988 2140 1037 2181 eas
1060 2124 1091 2180 in

75 2229 185 2290 specus
209 2212 260 2289 qui
288 2218 358 2271 sunt
381 2211 548 2272 multifores
575 2213 709 2271 interra
748 2243 790 2251 -
822 2209 902 2269 unde
930 2217 960 2269 et
983 2227 1090 2269 nomen

75 2298 195 2360 animali
233 2332 274 2340 —
306 2307 395 2378 atque
423 2302 464 2360 ita
487 2302 598 2361 eiectos
626 2317 756 2378 superne
785 2301 913 2378 capiunt.
960 2297 1090 2358 Arche·

38 2403 62 2442 aa
74 2387 154 2449 laus
176 2396 279 2448 auctor
299 2397 344 2448 est
364 2396 436 2467 quot
455 2391 514 2449 sint
533 2390 668 2467 corporis
686 2405 829 2448 cavernae
848 2387 884 2447 ad
903 2393 1092 2447 excrementa

75 2477 180 2557 lepori,
203 2477 326 2538 totidem
355 2496 447 2538 annos
471 2495 536 2538 esse
560 2479 672 2538 aetatis,
718 2477 817 2536 rarius
842 2483 924 2536 certe
948 2493 1091 2535 uumerus

75 2567 235 2645 reperitur.
281 2566 373 2627 idem
402 2574 559 2646 utramque
589 2569 648 2626 vim
678 2565 802 2644 singulis
833 2567 931 2624 inesse
962 2583 995 2624 ac
1027 2565 1090 2624 siue

76 2672 157 2715 mare
187 2673 280 2732 aeque
308 2657 438 2734 gignere.
484 2654 611 2734 benigna
638 2656 716 2715 circa
744 2653 800 2714 hoc
825 2661 929 2712 natura
955 2654 1082 2712 innocua
1092 2657 1144 2706 219

78 2751 108 2803 et
137 2743 289 2805 esculenta
319 2744 453 2804 animaha
483 2743 610 2804 secunda
639 2743 798 2822 generarit.
843 2740 929 2819 lepus
959 2741 1092 2801 omnium

41 2833 203 2909 opraeme
227 2851 351 2893 nascens
374 2833 455 2892 solus
478 2840 597 2911 praeter
619 2831 798 2910 dasypodem
825 2830 990 2908 superfetat
1013 2828 1091 2889 aliud

79 2920 217 3001 educans,
240 2920 318 2980 aliud
337 2923 367 2980 in
386 2928 473 2980 utero
495 2921 563 3000 pilis
581 2923 727 3000 restitum,
751 2918 829 2978 aliud
848 2918 989 2999 inplume,
1012 2916 1091 2978 aliud

79 3010 248 3070 inchoatum
271 3027 378 3087 gerens
396 3012 516 3088 pariter.
547 3027 602 3069 nec
625 3023 686 3068 non
709 3016 740 3068 et
759 3014 855 3067 vestes
878 3006 1012 3085 leporino
1031 3005 1091 3085 pilo

152 3233 357 3303 ldistinguere
376 3233 418 3286 1¹².
447 3235 543 3287 -uente
561 3237 635 3287 ndo.
664 3247 711 3286 -ue
730 3247 753 3285 r.
840 3229 980 3284 dsimiles
999 3227 1091 3282 Hard.

83 3302 127 3356 -lis
149 3309 254 3358 M'Ru.
282 3304 359 3358 diter
383 3309 400 3357 d
422 3303 526 3374 (itaque
545 3320 595 3358 om.
614 3304 662 3370 (1¹).
753 3307 770 3356 8
789 3301 938 3356 mitissime
951 3301 1093 3380 addunt}

83 3373 172 3429 Horat.
199 3376 250 3443 cfr.
265 3375 352 3430 Solio.
366 3380 415 3440 27,
429 3380 474 3429 60.
504 3374 649 3429 miarsima
671 3373 715 3427 κ’.
741 3389 791 3428 ora.
815 3389 838 3428 r.
930 3375 962 3425 15
986 3370 1093 3444 ahoqm

83 3448 113 3497 R.
144 3446 257 3515 aliquod
279 3445 369 3500 nm.
392 3445 488 3514 aliquo
506 3445 569 3499 1¹³.
595 3446 599 3512 t
624 3444 711 3514 rigori
728 3449 760 3497 R.
824 3447 856 3496 18
876 3441 1033 3496 adferentes
1052 3439 1092 3492 ed.

83 3513 149 3570 Bos.
176 3533 250 3572 -rens
269 3519 296 3572 tl.
325 3533 364 3572 aa
378 3517 479 3572 ··rentis
499 3515 608 3588 (retis)?
702 3521 734 3568 19
756 3514 971 3592 repurgatosr‘k.
1057 3514 1092 3561 20

85 3587 203 3642 saurices
221 3588 294 3643 Detl.
313 3589 382 3644 roni.
402 3589 461 3644 coll.
479 3593 494 3654 ς
511 3593 581 3645 223.
655 3593 688 3640 31
707 3584 840 3640 vestitum
858 3599 883 3636 o.
911 3581 984 3634 aunt
1001 3579 1029 3632 ll.
