2636 3952
209 143 272 206 160
333 132 335 135 ’
554 141 582 198 c.
601 142 700 196 emm
719 115 877 196 securum

206 294 311 354 ctrinis
334 292 456 352 doctore
480 290 575 351 nullo:
605 292 755 350 neminem
783 291 933 353 exstitisse
961 291 1013 369 qni
1039 290 1147 351 viderit
1172 310 1218 352 ve-

207 389 353 462 scentem,
383 397 502 441 sacrum
524 381 556 440 in
578 378 686 440 Arabia
710 377 771 439 Soli
794 397 875 461 esse,
903 380 1003 439 vivere
1031 379 1116 441 annis
1139 393 1219 466 Dxn,

207 476 413 531 senescentem
444 470 540 529 casiae
571 470 708 547 turisque
741 466 869 529 surculis
901 475 1077 531 construere
1110 469 1219 550 nidum,

206 558 323 638 replere
353 556 495 619 odoribus
525 564 555 618 et
585 559 779 636 snperemori.
838 575 875 617 ex
905 556 1023 618 ossibus
1054 557 1161 619 deinde
1191 568 1220 619 et

206 647 343 708 medullis
367 647 432 707 eius
454 647 538 709 nasci
559 648 657 726 primo
678 663 735 706 ceu
754 645 958 726 vermiculum,
980 645 1049 708 inde
1068 647 1134 707 tieri
1157 647 1246 727 pul-5

206 737 277 818 lum,
299 737 505 816 principioque
523 737 602 795 iusta
620 735 726 795 lunera
745 736 839 814 priori
858 734 983 795 reddere
1005 743 1035 794 et
1051 743 1148 796 totum
1171 737 1218 796 de·

206 825 285 886 ferre
309 825 412 886 nidum
434 841 528 903 prope
551 822 728 884 Panchaiam
757 825 789 884 in
813 822 890 884 Solis
918 822 1024 884 urbem
1051 832 1082 884 et
1110 826 1142 884 in
1171 843 1219 886 ara

171 911 248 972 sihi
271 913 429 992 deponere.
475 930 544 973 cum
570 911 660 972 huius
683 911 761 972 alitis
784 913 842 972 vita
870 914 968 992 magni
995 915 1220 974 conversionem

207 1003 276 1063 anni
299 1002 364 1062 fieri
382 1000 482 1081 prodit
499 999 579 1061 idem
601 999 781 1080 Manilius,
804 1002 974 1080 iterumque
991 1002 1219 1080 significationes

205 1096 418 1170 tempestatum
440 1097 471 1150 et
493 1089 626 1149 siderum
649 1089 768 1150 easdem
790 1091 913 1170 reverti,
938 1089 995 1150 hoc
1019 1097 1119 1151 autem
1142 1093 1221 1152 circa
1236 1113 1260 1152 ro

206 1179 360 1240 meridiem
388 1180 520 1258 incipere
548 1191 608 1256 qno
634 1177 682 1238 dle
710 1179 829 1256 signum
857 1181 959 1239 arietis
986 1177 1031 1238 sol
1057 1181 1233 1262 intraverit,-

207 1277 238 1330 et
259 1270 352 1329 inisse
375 1269 440 1328 eius
463 1267 667 1327 conversionis
692 1275 804 1328 annum
825 1267 972 1346 prodente
995 1285 1027 1328 se
1049 1267 1083 1328 P.
1105 1267 1221 1331 Licinio

93 1365 98 1370 “
180 1384 181 1388 ’
207 1356 258 1417 Cn.
283 1355 421 1417 Cornelio
443 1354 615 1416 consulibus
638 1367 740 1416 ccxv.
793 1353 985 1417 Cornelius
1007 1355 1221 1418 Valerianus

205 1446 382 1525 phoenicem
403 1443 583 1504 devolavisse
606 1445 638 1504 in
656 1445 822 1524 Aegyptum
844 1445 935 1506 tradit
958 1443 1128 1516 optantio
1152 1446 1220 1508 Sex.

205 1532 328 1613 Papinio
351 1531 532 1594 consulibus.
580 1532 685 1594 allatus
708 1541 754 1594 est
776 1541 807 1593 et
828 1535 865 1593 in¹
884 1532 991 1594 urbem
1013 1531 1117 1596 Claudi
1138 1536 1220 1614 prin·
1236 1556 1261 1596 15

205 1622 281 1700 cipis
304 1639 444 1700 censura,
474 1639 551 1681 anno
575 1620 658 1681 urhis
685 1634 793 1702 Dece,
823 1629 853 1682 et
879 1624 911 1684 in
938 1625 1058 1684 comitio
1085 1627 1220 1704 proposi-

205 1719 264 1791 tus,
287 1709 372 1789 quod·
390 1711 480 1769 actis
503 1717 645 1770 testatum
663 1717 718 1791 est,
742 1710 793 1771 sed
813 1729 902 1789 quem
921 1711 1027 1773 ialsum
1045 1731 1112 1772 esse
1132 1729 1220 1774 nemo

206 1797 364 1859 dubitaret.

171 1901 187 1950 6
273 1881 308 1950 3.
333 1880 386 1970 (3)
419 1885 462 1946 Er
485 1887 532 1947 his
555 1901 629 1966 quas
652 1889 787 1949 novimus
811 1888 926 1967 aquilae
949 1891 1095 1950 maximus
1117 1889 1220 1971 honos,

205 1978 331 2038 maxima
354 1984 385 2036 et
407 1977 459 2036 vis¹
505 1994 557 2037 sex
581 1995 684 2037 earum
706 1995 829 2056 genera:
856 1977 1036 2039 melanaitcs
1060 1997 1077 2038 a
1100 1977 1221 2042 Graecis
1235 1999 1263 2038 eo

205 2064 284 2126 dicta
319 2063 437 2142 [eadem
470 2068 502 2126 in
530 2063 672 2146 Valeria],
706 2067 826 2127 minima
858 2066 1074 2149 magnitudine,
1108 2067 1221 2128 virilius

208 2157 376 2235 praecipua,
399 2153 499 2214 colore
518 2156 676 2234 nigricans.
714 2154 776 2215 sola
789 2154 955 2234 aquilarum
974 2155 1052 2218 ictus
1071 2173 1142 2218 suos
1161 2156 1223 2236 alit,

166 2271 192 2310 13
206 2250 332 2324 ceterae,
355 2250 390 2303 ut
412 2243 555 2323 dicemus,
578 2243 693 2322 iugant3
713 2242 779 2304 sola
802 2246 866 2304 sine
886 2243 1033 2325 clangore,
1056 2246 1120 2306 sine
1139 2263 1220 2306 mur-

171 2334 381 2394 vmuratione.
426 2339 620 2392 conversatur
648 2339 748 2392 autem
775 2335 807 2393 in
829 2331 995 2414 montibus,
1025 2333 1148 2396 secundi
1171 2341 1221 2414 ge·

205 2423 287 2480 neris
309 2435 457 2499 pygargus
484 2422 516 2480 in
538 2421 654 2503 oppidis
683 2429 713 2480 et
739 2424 770 2482 in
792 2423 919 2503 campis,
948 2419 1095 2483 albicante
1118 2423 1221 2484 cauda.
1237 2443 1263 2481 25

110 2537 112 2542 ·
205 2510 287 2569 tertii
305 2507 476 2588 morphnoS,
499 2527 588 2588 quam
605 2509 779 2571 Homerus
801 2518 831 2571 et
848 2528 994 2589 percnum
1012 2518 1106 2592 vocat,
1129 2512 1222 2591 aliqui

206 2605 236 2657 et
259 2595 399 2676 plangum
417 2600 634 2678 etanatariam,
657 2599 788 2660 secunda
805 2599 1007 2678 magnitudine
1027 2607 1058 2660 et
1075 2601 1113 2661 vi.
1150 2600 1220 2662 huic

205 2686 265 2745 vita
288 2687 367 2745 circa
390 2683 480 2746 lacus.
526 2684 729 2748 Phemonoe
756 2687 899 2768 Apollinis
926 2687 1004 2749 dicta
1032 2687 1091 2750 tilia
1115 2689 1221 2750 dentes

206 2775 234 2833 ei
263 2791 329 2834 esse
359 2773 489 2853 prodidit
518 2783 617 2836 mutae
647 2774 717 2836 alias
748 2777 920 2856 carentique
949 2777 1071 2857 lingua,
1096 2779 1222 2839 eandem

277 2979 479 3034 eccesiae-1¹².
508 2983 548 3035 ·ia
565 2981 650 3036 rue.
679 2981 755 3037 casia
772 2981 816 3036 3².
845 3000 925 3038 cossa
942 2983 987 3038 3¹.
1095 2987 1161 3038 det
1178 2985 1222 3038 1¹².

205 3067 255 3106 om.
274 3055 299 3104 d.
327 3067 384 3105 er.
445 3053 649 3121 'ipenchaicm
666 3053 707 3106 1¹².
737 3053 839 3108 -oainm
853 3053 890 3110 αἳ.
917 3054 1047 3124 pcceicm
1060 3055 1103 3108 1¹,
1132 3057 1223 3110 -eianr

204 3121 242 3176 Β*
263 3123 296 3176 in
317 3138 373 3177 rao.
408 3124 498 3177 -amm
520 3123 558 3177 αἱ.
593 3126 749 3194 spectatam
773 3127 797 3177 d.
832 3123 1122 3192 esr.Solin.33,12.
1161 3127 1223 3181 Uri.

204 3195 298 3250 elucet.
316 3210 344 3262 p.
358 3199 413 3248 145
426 3211 467 3248 oo.
486 3211 531 3264 pr·
550 3195 657 3250 Panch-
672 3196 845 3264 prosperetis
856 3195 943 3252 habet
998 3196 1176 3252 ememilius
1189 3203 1223 3252 B.

277 3270 310 3318 15
330 3267 374 3319 est
391 3267 421 3319 ei
437 3265 479 3319 1².
509 3269 583 3321 esset
599 3284 623 3321 r.
696 3273 729 3322 21
749 3281 834 3322 uncos
847 3269 944 3336 poure
961 3268 1035 3324 Doti.
1066 3267 1224 3338 eademqne

204 3335 310 3390 valeria
323 3335 390 3390 Dol.
404 3335 513 3392 oidetm
525 3349 623 3394 nomen
637 3339 808 3408 aliquemne
820 3337 968 3407 lepontiis,
987 3339 1071 3396 uere
1084 3341 1117 3393 iu
1130 3357 1173 3395 on.
1192 3340 1224 3394 in
1299 3349 1300 3404 ἶ

203 3405 324 3461 celeria:
341 3407 392 3474 cfr.
411 3406 500 3462 Ardet.
518 3409 543 3462 t.
558 3426 584 3464 a.
600 3412 647 3464 IX
659 3413 698 3465 32
708 3426 739 3478 p.
755 3413 810 3466 618
819 3408 858 3476 B,
870 3414 910 3466 28
929 3411 1097 3476 ncluvderoc
1114 3413 1160 3466 καὶ
1174 3415 1225 3466 λα·

203 3477 343 3543 imponor.
434 3482 468 3532 25
485 3478 517 3534 in
535 3480 645 3550 oppidis
663 3479 797 3535 mansioni
813 3497 838 3536 o.
930 3487 966 3537 no
984 3494 1138 3552 perennium
1155 3482 1223 3536 1²⁸.

205 3557 210 3584 ⁸
276 3553 310 3601 27
329 3547 464 3617 plangum
482 3549 513 3603 ei
533 3549 595 3606 snt.
619 3552 678 3606 coll.
696 3552 786 3606 Amat.
807 3553 826 3607 l.
845 3553 863 3608 i.
882 3556 940 3611 23..
967 3551 1102 3623 clangunt
1123 3556 1153 3608 et
1175 3555 1223 3608 1².
1299 3605 1300 3612 ,

206 3615 353 3684 clanugem
372 3634 395 3670 a..
425 3618 558 3689 clanuget
574 3621 713 3689 rd(lt¹?).
