2588 3956
208 170 271 234 140
547 169 576 224 O.
595 169 695 224 PLlNl
714 169 871 226 SECUNDI

205 321 360 400 operitque
380 337 452 399 opes
472 337 540 379 suas
559 337 650 400 gnara
667 326 790 400 propter
808 320 872 380 illas
892 337 924 380 se
942 321 1004 398 peti
1028 335 1222 399 manumque,

205 410 231 467 si
253 409 440 488 praeveniat,
466 410 527 468 acie
552 425 605 468 sua
632 407 764 469 abscidat
790 407 870 470 nulla
898 410 1021 469 iustiore
1049 424 1154 488 poena,
1187 413 1223 466 et

205 497 270 556 aliis
292 498 406 557 munita
430 496 596 578 suppliciis,
626 500 735 578 quippe
763 501 842 559 inter
865 496 1004 576 scopulos
1030 498 1124 556 maior
1144 513 1222 574 pars

204 587 363 666 invenitur,
387 585 439 646 sed
461 588 494 647 iu
516 585 574 647 alto
598 604 717 665 quoque
740 588 920 647 comitantur
942 587 1065 647 marinis
1084 583 1222 665 canibus,
1284 637 1285 666 ,

154 690 270 742 111nec
297 681 397 734 tamen
420 691 508 735 aures
532 676 708 736 seminarum
736 682 884 736 areentur.
931 673 1071 753 quidam
1094 672 1249 734 tradunt⁵

205 765 284 823 sicut
306 762 411 842 apibus
437 766 478 841 ita
501 763 682 824 concharum
705 763 889 824 examinibus
918 761 1048 842 singulas
1071 763 1221 841 maguitu-
1284 749 1285 818 l

193 851 274 911 dine
303 859 333 912 et
360 860 505 912 vetustate
533 854 709 933 praecipuas
732 871 798 912 esse
827 853 918 913 veluti
944 851 1036 912 duces
1065 853 1157 910 mirae
1180 849 1221 910 ad

205 939 368 1000 cavendum
391 940 547 1002 sollertiae.
583 941 637 1001 bas
654 943 838 1002 urinantium
858 959 930 1002 cura
947 941 1022 1022 peti,
1044 939 1104 999 illis
1122 941 1222 1018 captis

205 1028 289 1089 facile
314 1037 429 1090 ceteras
451 1029 583 1108 palantes
606 1029 720 1091 retibus
739 1029 861 1112 includi,
883 1029 976 1091 multo
998 1027 1107 1088 deinde·
1129 1027 1225 1088 obrui

205 1135 254 1180 eas
278 1117 338 1178 sale
361 1119 392 1177 in
415 1119 492 1178 vasis
514 1117 664 1200 fictilibus,
686 1137 754 1179 rosa
775 1136 864 1179 carne
883 1119 964 1178 omni
982 1116 1105 1177 nucleos
1129 1127 1262 1196 quos-1⁰

205 1206 272 1266 dam
295 1223 464 1288 corporum,
487 1205 543 1268 hoc
567 1214 612 1267 est
635 1209 771 1289 uniones,
794 1207 932 1268 decidere
955 1209 986 1267 in
1009 1208 1076 1266 irna.
1166 1229 1171 1240 ·

154 1315 203 1364 112
273 1288 347 1378 (56)
379 1293 443 1356 Usu
471 1297 559 1357 atteri
585 1315 645 1357 uon
674 1294 798 1357 dubium
824 1303 871 1356 est
903 1294 1092 1376 coloremque
1119 1291 1220 1354 indili-

205 1385 303 1462 gentia
326 1391 450 1444 mutare.
495 1384 548 1444 dos
572 1386 667 1445 omnis
690 1385 721 1445 in
741 1384 877 1468 candore,
900 1383 1111 1463 magnitudine,
1134 1381 1221 1462 orbe,

204 1471 316 1553 levore,
343 1470 489 1555 pondere,
511 1473 591 1533 baud
613 1477 759 1554 promptis
782 1473 872 1534 rebus
886 1475 926 1533 in
948 1479 1063 1532 tantum
1086 1478 1121 1532 ut
1144 1469 1220 1531 nulli

172 1562 175 1567 '
205 1559 264 1619 duo
285 1563 474 1639 reperiantur
492 1561 654 1643 indiscreti,
677 1561 756 1622 unde
775 1579 884 1622 nomen
902 1563 1047 1621 unionum
1065 1559 1216 1619 Romanae
1233 1569 1259 1612 1⁵
1285 1537 1286 1590 l

206 1647 319 1707 scilicet
342 1650 501 1727 inposuere
525 1649 655 1711 deliciae.
693 1669 760 1712 nam
782 1650 813 1711 id
837 1650 914 1730 apud
933 1649 1062 1709 Graecos
1082 1666 1144 1708 nou
1163 1655 1219 1728 est,
1285 1655 1286 1662 ’

205 1754 243 1795 ne
262 1735 339 1815 apud
357 1735 500 1798 barbaros
520 1737 640 1818 quidem
658 1739 828 1800 inventores
852 1731 919 1799 eius
934 1737 1013 1799 aliud
1033 1753 1122 1816 quam
1140 1754 1219 1797 mar·

153 1845 203 1892 113
214 1826 333 1902 garitae.
370 1833 401 1885 et
423 1827 454 1886 in
477 1827 605 1887 candore
628 1829 694 1908 ipso
717 1845 821 1907 magna
844 1825 1017 1888 differentia.
1055 1825 1164 1886 clarior
1187 1827 1219 1885 in

162 1924 167 1935 '
204 1911 307 1972 Rubro
330 1916 405 1974 mari
425 1917 562 1996 repertis,
584 1915 702 1977 Indicos
721 1916 918 1996 specularium
941 1913 1072 1994 lapidum
1094 1931 1218 1992 squama

205 2000 361 2063 adsimulat
379 2003 449 2064 alias
469 2004 670 2082 magnitudine
688 2004 910 2083 praecellentes.
948 2020 1062 2064 summa
1080 2002 1145 2063 laus
1169 2021 1217 2063 co·
1232 2015 1259 2055 2⁰

205 2089 277 2150 loris
301 2099 346 2152 est
369 2092 582 2154 exaluminatos
605 2096 713 2154 vocari.
753 2100 783 2154 et
805 2091 1028 2174 procerioribus
1051 2109 1104 2152 sua
1123 2093 1219 2170 gratia

205 2187 259 2239 est.
306 2180 446 2242 elenchos
469 2182 616 2262 appellant
639 2183 774 2262 fastigata
796 2181 978 2261 longitudine
1001 2179 1219 2241 alabastrorum
1286 2189 1287 2258 t

153 2268 307 2346 114ligura
329 2271 361 2329 in
379 2269 542 2348 pleniorem
565 2269 667 2330 orbem
686 2271 864 2332 desinentes.
900 2270 955 2330 bos
971 2270 1073 2348 digitis
1091 2285 1218 2348 suspen·

205 2355 275 2416 dere
295 2365 325 2418 et
342 2357 429 2418 binos
448 2377 481 2418 ac
500 2367 602 2419 ternos
621 2357 743 2420 auribus
762 2359 940 2420 feminarum
957 2357 1051 2437 gloria
1068 2365 1123 2440 est,
1147 2357 1217 2418 sub·

206 2451 336 2523 euntque
360 2446 493 2506 luxuriae
522 2449 585 2508 eius
608 2449 727 2509 nomina
755 2455 786 2509 ct
808 2447 903 2508 taedia
925 2447 1073 2525 exquisita
1097 2445 1217 2526 perdito
1231 2456 1256 2498 2⁵

205 2540 355 2614 nepotatu,
378 2532 534 2616 siquidem,
557 2551 626 2596 cum
648 2537 678 2597 id
701 2538 814 2619 iecere,
838 2525 958 2596 crotalia
981 2533 1137 2616 appellant,
1160 2553 1216 2596 ceu

205 2638 278 2679 sono
302 2638 420 2700 quoquc
443 2621 590 2701 gaudeant
616 2632 647 2685 et
669 2624 773 2686 collisu
795 2627 861 2704 ipso
885 2625 1118 2703 margaritarum.
1165 2643 1216 2685 cu·

204 2708 349 2787 piuntque
379 2712 436 2770 iam
469 2719 499 2771 et
529 2729 677 2792 pauperes
708 2713 844 2774 lictorem
876 2713 1002 2774 feminae
1032 2713 1064 2774 in
1095 2711 1216 2791 publico

204 2798 346 2857 tunionem
369 2817 434 2859 esse
458 2800 635 2862 dictitantes,
681 2805 759 2881 quin*
781 2810 811 2863 et
833 2801 972 2882 pedibus,
1001 2819 1058 2861 nec
1082 2800 1214 2880 crepida-

274 3075 360 3129 ised
378 3075 415 3130 ι’,
438 3093 489 3131 om.
507 3095 530 3131 r.
560 3081 564 3146 Ι
594 3079 764 3134 comitantur
782 3080 839 3136 llo.
868 3095 908 3133 oo
925 3061 1144 3133 eomitantilbxs?

205 3146 364 3216 bsingulas
383 3147 419 3201 ι’.
448 3148 489 3202 -le
507 3165 532 3202 r.
583 3155 653 3204 9.10
672 3150 752 3204 obrui
769 3167 816 3206 eas
834 3150 908 3205 Detl.
936 3152 1012 3204 -ruta
1030 3152 1054 3203 d.
1082 3150 1172 3204 -rutas
1189 3167 1210 3204 r.

275 3223 308 3271 13
327 3218 474 3274 mutandos
493 3219 531 3273 ⁸¹,
559 3219 656 3274 endas
675 3219 712 3276 ὕ.
772 3227 806 3276 14
823 3222 918 3277 levore
935 3237 960 3275 o.
990 3219 1079 3275 -uiore
1096 3224 1150 3274 Ba.
1178 3219 1212 3274 ·ri

203 3292 228 3342 d
257 3288 346 3343 -biore
364 3307 387 3344 r.
422 3292 426 3358 1
459 3290 578 3360 promtis
597 3289 635 3344 ι’.
663 3292 757 3346 -motis
775 3310 799 3347 r.
886 3297 919 3346 ii
938 3295 1023 3348 neit.
1050 3306 1102 3344 nec
1119 3307 1143 3345 r.

150 3415 152 3422 ,
205 3365 238 3414 19
258 3377 374 3428 squama
392 3361 469 3416 codd.
488 3359 580 3416 Hord.
609 3377 681 3416 -mas
700 3363 727 3416 u.
782 3363 816 3418 sl
835 3362 1039 3418 exaluminatos
1056 3365 1087 3416 a.
1120 3363 1176 3415 -tus
1189 3377 1210 3416 r.

292 3433 326 3486 22
346 3429 478 3487 elenchos
495 3431 583 3488 Barb.
615 3431 718 3487 -nticos
735 3436 760 3488 d.
793 3451 871 3489 -ucos
893 3447 938 3489 r.'
1007 3437 1042 3489 23
1059 3432 1211 3501 pleniorem

204 3503 300 3558 orbem
318 3503 358 3558 cd.
377 3503 446 3558 Bas.
474 3507 636 3573 ·re(-ra1‘.
665 3503 702 3557 -τί
719 3505 745 3572 t)
765 3505 831 3559 orbe
849 3505 878 3560 ll.
993 3510 1027 3559 24
1046 3504 1166 3558 subeunt
1180 3507 1209 3557 lt.

205 3571 338 3644 {perdito
356 3578 388 3631 B.
418 3575 469 3629 dio
488 3592 511 3629 r.
585 3581 618 3629 27
638 3574 738 3629 collisu
756 3580 791 3631 d..
809 3592 852 3630 —so
871 3593 893 3631 r.
920 3579 924 3646 Ι
948 3575 1003 3646 ipsi
1020 3581 1052 3628 B.
1124 3577 1209 3629 2728
1286 3605 1287 3612 κ

202 3648 375 3715 carpuntque
395 3646 495 3702 Ianus.
