2624 3954
384 153 468 207 unu.
487 152 579 208 Hisr.
599 153 638 207 xl
656 160 689 210 sa
710 157 835 225 (sa-ur)
1050 154 1116 220 245

100 306 180 364 unna
204 302 384 364 Strabonum
412 310 442 365 et
464 303 633 366 Paetorum.
678 304 715 365 ab
742 305 848 370 iisdem
876 308 928 385 qui
949 305 1048 366 altero
1072 306 1115 367 lu·

99 394 179 452 mine
215 390 280 453 orbi
315 399 511 453 nascerentur
546 391 674 454 Coclites
705 393 899 477 vocabantur,
933 397 984 474 qui
1017 398 1116 474 parvis

101 482 236 560 utrisque
267 479 399 563 Ocellao‚
431 479 554 542 Luscini
583 485 709 543 iniuriae
741 501 906 562 cognomen
938 483 1115 546 habueruut.

100 579 317 632 nocturnorum
341 569 511 632 animalium
533 571 625 632 veluti
648 572 751 634 lelium
774 576 804 633 in
831 571 965 634 tenebris
992 574 1106 654 fulgent
1117 579 1168 634 151

72 659 274 739 eradiantque
298 658 391 741 oculi,
418 668 452 722 ut
475 663 612 722 contueri
635 679 695 722 non
719 663 770 744 sit,
799 671 829 722 et
852 680 956 742 caprae
985 663 1115 742 lupoque

100 748 258 829 splendent
279 749 437 830 lucemque
460 748 635 811 iaculantur.
681 751 766 812 vituli
793 753 900 812 marini
929 759 959 813 et
985 751 1115 832 hyaenae

98 841 130 898 in
153 838 233 899 mille
258 839 373 900 colores
402 847 558 900 transeunt
586 840 720 901 subinde.
766 842 840 920 quin
868 848 898 901 et
924 842 955 900 in
983 840 1116 902 tenebris

99 927 262 1013 multorum
290 930 418 1008 piscium
445 928 595 1008 refulgent
624 931 700 991 aridi
728 931 805 992 sieut
833 928 950 990 robusti
978 929 1115 990 caudices

99 1027 246 1079 vetustate
269 1025 382 1098 putres.
428 1035 490 1078 non
512 1019 649 1080 conivere
674 1018 802 1080 diximus
830 1036 905 1098 quae
934 1036 994 1079 non
1018 1016 1169 1083 obli-8,10r

58 1123 86 1162 ro
101 1110 168 1186 quis
188 1107 291 1190 oculis,
310 1106 362 1168 sed
382 1109 561 1169 circumacto
581 1111 676 1188 capite
696 1115 863 1169 cernerent.
892 1107 1108 1168 chamaeleonis
1118 1115 1170 1168 152
1281 1143 1286 1151 ·

100 1195 203 1256 oculos
226 1197 307 1275 ipsos
331 1198 493 1276 circumagi
517 1204 595 1258 totos
623 1198 753 1260 tradunt.
799 1198 899 1258 canori
927 1199 958 1257 in
986 1196 1117 1258 oblicum

100 1285 269 1364 adspiciunt
286 1293 388 1346 crusta
406 1285 503 1365 fragili
521 1285 653 1347 inclusos
671 1285 818 1366 gerentes.
851 1284 984 1366 locustis,
1003 1285 1117 1364 squillis

101 1391 205 1453 magna
229 1392 265 1434 ex
287 1382 371 1453 parte
396 1374 453 1436 sub
477 1374 582 1435 ecdem
604 1378 790 1437 munimento
813 1374 954 1455 praeduri
977 1377 1117 1436 eminent.

101 1481 228 1542 quorum
257 1461 324 1523 duri
352 1472 423 1524 sunt
451 1466 550 1525 minus
580 1473 708 1526 cernunt
737 1483 827 1544 quam
857 1481 985 1543 quorum
1015 1464 1116 1524 umidi.

58 1566 87 1606 1⁵
102 1554 287 1630 serpentium
316 1551 422 1613 catulis
452 1561 483 1614 et
511 1553 706 1616 hirundinum
734 1553 841 1634 pullis,
871 1555 897 1613 si
927 1555 994 1631 quis
1022 1561 1117 1634 eruat,

2 1645 6 1650 '
100 1643 218 1701 renasci
249 1640 379 1702 tradunt.
428 1643 612 1703 insectorum
640 1645 773 1704 omnium
801 1651 831 1703 et
859 1643 981 1702 testacei
1010 1645 1170 1721 operi-tut

101 1732 195 1790 menti
222 1729 301 1790 oculi
328 1738 486 1791 moventur
515 1733 593 1792 sicut
621 1732 837 1812 quadripedum
865 1749 961 1792 aures.
1007 1731 1116 1810 quibus
1168 1801 1171 1805 .

101 1818 215 1898 fragilia
238 1821 435 1900 operimenta,
462 1822 499 1880 iis
523 1820 602 1880 oculi
625 1820 701 1882 duri.
748 1821 846 1881 omnia
874 1819 943 1880 talia
966 1828 996 1880 et
1018 1822 1117 1898 pisces

101 1915 131 1968 et
154 1909 267 1968 insecta
289 1926 350 1968 non
373 1907 484 1968 babent
511 1926 601 1986 genas
628 1928 683 1969 nec
707 1911 844 1988 integunt
867 1907 978 1968 oeulos.
1024 1911 1116 1968 omni-

59 2011 86 2050 ro
100 1994 157 2056 bus
180 1996 352 2056 membrana
374 1999 444 2057 vitri
466 1997 554 2056 modo
577 1996 722 2058 tralucida
745 1995 925 2057 obtenditur.

169 2077 244 2166 (56)
271 2083 433 2163 Palpebrae
452 2086 484 2143 in
502 2087 587 2163 genis
610 2084 722 2144 bomini
745 2088 910 2165 utrimque,
933 2082 1108 2145 mulieribus
1120 2089 1172 2143 151

101 2190 173 2231 vero
197 2174 285 2232 etiam
308 2173 435 2233 infectae
460 2172 620 2252 cotidian03
648 2181 729 2233 tanta
752 2181 798 2232 est
821 2172 937 2232 decoris
961 2172 1117 2232 adfectatio

102 2269 137 2320 ut
166 2262 340 2339 tinguantur
368 2260 448 2321 oculi
478 2278 605 2339 quoque.
656 2261 711 2321 alia
740 2261 778 2322 de
808 2279 896 2322 causa
925 2261 982 2320 boe
1012 2269 1118 2322 natura

103 2349 226 2409 dederat
250 2367 305 2410 eeu
332 2349 442 2410 vallum
471 2348 619 2429 quoddam
648 2352 730 2412 visus
759 2358 790 2410 et
819 2351 991 2430 prominens
1021 2352 1117 2410 muni·

62 2451 88 2492 rs
103 2445 237 2498 mentum
256 2446 360 2498 eontra
383 2440 569 2499 occursantia
598 2439 733 2500 animalia
760 2446 812 2500 aut
839 2437 894 2500 alia
921 2439 1046 2499 fortuito
1073 2441 1116 2498 in·

103 2525 240 2604 cidentia.
278 2526 410 2587 defluere
434 2546 483 2588 eas
501 2527 580 2588 baud
603 2530 743 2589 inmerito
765 2545 874 2588 venere
898 2525 1117 2589 abundantibus

103 2616 233 2676 tradunt.
261 2634 297 2675 ex
312 2618 420 2676 ceteris
434 2614 508 2676 nulli
521 2624 592 2678 sunt
610 2619 668 2677 nisi
683 2616 791 2697 quibus
811 2625 841 2678 et
858 2619 889 2678 in
908 2615 1025 2695 reliquo
1043 2621 1172 2677 cor-155

102 2703 256 2786 pompili,
279 2704 331 2765 sed
350 2703 582 2784 quadripedibus
600 2708 632 2766 in
650 2709 805 2786 superiore
823 2713 939 2766 tantum
962 2723 1045 2786 gena,
1068 2725 1117 2765 vo·

105 2791 240 2852 lucribus
263 2795 293 2852 in
313 2793 467 2874 inferiore,
491 2801 521 2854 et
539 2793 647 2872 quibus
670 2795 757 2856 molle
777 2803 892 2876 tergus,
915 2802 950 2854 ut
973 2797 1117 2873 serpenti-

65 2896 93 2935 oo
107 2879 173 2960 bus,
193 2889 222 2940 et
237 2881 452 2960 quadripedum
467 2901 542 2961 quae
557 2900 610 2943 ova
623 2886 753 2964 parirmt,
771 2891 805 2944 ut
823 2883 959 2944 lacertae.
986 2883 1116 2943 strutho-

104 2970 234 3030 camelus
257 2969 360 3031 alitum
383 2971 444 3031 sola
467 2978 500 3031 ut
523 2971 611 3032 bomo
635 2975 786 3051 utrimque
809 2970 965 3053 palpebras
988 2970 1085 3031 habet.

170 3051 244 3140 (57)
263 3058 307 3118 Ne
322 3076 414 3137 genae
429 3059 549 3138 quidem
563 3059 710 3142 omnibus,
728 3060 795 3120 ideo
816 3079 912 3139 neque
932 3062 1107 3122 nictationes
1119 3067 1173 3117 156

174 3289 190 3336 9
209 3285 305 3353 putres
323 3284 363 3338 ed.
374 3283 431 3337 eet.
458 3300 554 3353 esque
573 3284 601 3338 11.
611 3284 671 3339 edd.
681 3288 745 3338 uerte
754 3283 811 3339 (ret.
837 3285 841 3350 Ι
865 3301 923 3338 non
939 3300 963 3337 o.
992 3299 1042 3337 om.
1062 3284 1089 3338 ll.
1111 3283 1115 3353 l

104 3371 142 3406 on
163 3353 283 3408 diximus
302 3359 327 3408 et
344 3354 460 3408 tradunt
481 3357 517 3424 (o.
537 3356 581 3424 11)
604 3356 691 3410 oedem
712 3353 908 3409 mutaverunt?
936 3354 985 3420 cfr.
1002 3355 1074 3406 VIII
1081 3359 1116 3408 81
1223 3403 1230 3416 ,

102 3428 262 3493 (p.75,13).
289 3426 322 3480 de
340 3426 534 3480 cltomaeleonio
552 3427 638 3480 oculis
650 3443 676 3480 c.
691 3428 765 3478 VIII
769 3430 823 3481 121
839 3430 906 3479 ectr.
980 3430 1012 3477 12
1032 3424 1117 3491 squil-

102 3495 193 3562 lisque
212 3498 258 3549 dc.
340 3501 373 3549 15
393 3498 422 3550 et
439 3502 484 3550 de.
511 3513 545 3550 ex
563 3513 586 3550 r.
612 3497 616 3566 Ι
642 3499 722 3551 erunt
739 3513 763 3550 o.
790 3497 949 3549 seruatae.
975 3495 1069 3548 serbat
1086 3499 1116 3545 11,

104 3565 217 3619 sorbeat
234 3570 257 3620 d.
332 3573 365 3621 16
384 3567 502 3621 testacei
520 3569 578 3622 eod.
594 3567 674 3634 cttffi
701 3567 769 3620 -taei
783 3571 861 3619 ulte.
885 3563 968 3617 testei
981 3569 1005 3616 d.
1083 3568 1120 3614 25

103 3635 221 3691 fortuitu
234 3637 321 3692 mdc.
395 3643 428 3692 32
446 3655 481 3692 ne
499 3644 529 3692 n.
558 3655 610 3693 nee
628 3655 673 3693 ro.
