2636 3952
214 131 276 194 188
554 131 582 184 Ο.
602 129 701 184 enlm
721 129 878 184 SECUNDI

160 289 209 336 121
280 276 338 343 43.
363 275 437 363 (60)
465 280 616 340 Reddatur
640 287 670 338 et
692 281 790 358 corvis
813 297 867 339 sua
890 280 996 358 gratia,
1024 278 1226 357 indignatione
1263 350 1266 359 Ι

212 388 331 449 quoque
363 369 465 448 populi
497 369 622 428 Romani
654 375 776 448 testata,
813 386 874 427 non
906 366 1003 428 solum
1036 368 1227 428 couscientia.

212 458 332 519 'liberio
360 460 494 537 principe
528 476 564 518 ex
591 457 654 516 fetu
684 474 775 535 snpra
803 455 961 516 Castorum
990 456 1095 517 aedem
1127 458 1228 535 genito

211 547 310 625 pullus
338 549 369 607 iu
397 547 561 626 adpositam
593 547 739 605 sutrinam
771 543 928 626 devolavit,
961 547 1051 605 etiam
1082 546 1229 624 religione

212 637 435 696 commendatus
465 635 600 694 cilicinae
630 634 758 694 domino.
810 635 837 692 is
866 641 983 694 mature
1014 636 1147 694 sermoni
1178 634 1253 694 ad-⁵

212 725 376 805 sneiactnS,
399 722 537 783 omnibus
560 724 714 783 matutinis
737 721 856 782 evolans
883 724 914 782 in
942 730 1040 782 rostra
1067 725 1098 782 iu
1126 723 1227 784 iorum

212 831 316 872 versus
344 811 510 892 Tiberium,
538 811 607 870 dein
635 810 844 870 Germanicum
872 819 902 871 ct
929 809 1061 871 Drusum
1088 810 1229 872 Caesares

213 902 394 980 nominatim,
418 918 486 960 mox
504 905 710 960 transeuntem
728 899 873 978 populum
891 898 1057 960 Romanum
1075 900 1229 981 salutabat,

212 997 314 1068 postea
342 989 377 1049 ad
406 988 559 1049 tabernam
588 1005 738 1068 remeans,
768 987 900 1067 plurium
929 1005 1076 1048 annorum
1106 989 1230 1050 adsiduo

161 1081 211 1130 122
221 1077 319 1138 oiiicio
342 1081 446 1138 mirus.
491 1077 570 1137 hunc
594 1078 656 1136 sive
679 1075 876 1137 aemulatione
901 1079 1059 1137 vicinitatis
1087 1095 1229 1158 manceps
1244 1087 1267 1126 1⁰

212 1169 363 1245 proximae
387 1168 519 1226 sutrinae
543 1167 605 1224 sive
632 1165 786 1225 iracundia
814 1164 924 1246 subita,
951 1173 985 1225 nt
1012 1164 1105 1227 voluit
1127 1167 1231 1247 videri,

213 1257 410 1315 excrementis
434 1257 498 1314 eius
526 1255 623 1332 posita
650 1253 757 1313 calceis
785 1253 913 1334 macula,
943 1244 1120 1314 exanimavit
1148 1263 1230 1316 tanta

212 1343 310 1421 plebei
329 1343 568 1402 consternatione
588 1348 622 1402 ut
644 1344 740 1420 primo
760 1341 865 1420 pulsus
889 1361 925 1402 ex
949 1361 983 1402 ea
1005 1345 1138 1424 regione,
1161 1362 1230 1404 mox

214 1440 244 1491 et
273 1434 471 1508 iuteremptus
501 1432 541 1490 sit
573 1430 723 1513 inuusque
758 1430 820 1490 aliti
850 1432 1016 1490 innumeris
1047 1431 1230 1493 celebratum

213 1521 363 1597 exsequiis
369 1567 379 1600 ‚
415 1525 599 1578 constratum
629 1518 739 1578 lectum
773 1531 863 1597 super
891 1518 1069 1599 Aethiopum
1100 1520 1269 1582 duorum1⁵

212 1625 334 1667 umeros
356 1606 553 1685 praecedente
577 1606 698 1667 tibicine
726 1614 757 1667 et
780 1609 899 1667 coronis
927 1609 1059 1668 omnium
1086 1627 1231 1688 generum

213 1695 249 1755 ad
276 1713 382 1774 rogum
410 1713 505 1774 usqne
534 1696 585 1772 qni
612 1699 804 1756 constructus
832 1695 935 1756 dextra
965 1698 1028 1756 viae
1056 1697 1166 1776 Appiae
1193 1699 1229 1758 ad
1299 1727 1300 1778 p

161 1787 211 1836 123
223 1784 388 1844 secundum
410 1783 537 1862 lapidem
560 1785 592 1843 in
612 1801 715 1863 campo
734 1783 869 1845 Rediculi
888 1784 1032 1864 appellato
1051 1786 1116 1846 tuit,
1157 1785 1229 1846 adeo
1300 1781 1302 1870 l

213 1874 284 1932 satis
307 1875 384 1934 iusta
408 1891 497 1933 causa
514 1872 624 1952 populo
643 1872 776 1933 Romano
800 1875 861 1933 visa
885 1881 931 1933 est
954 1875 1162 1952 exsequiarum
1184 1877 1227 1933 in-
1302 1889 1303 1928 r

213 1963 334 2039 genium
357 1963 418 2022 avis
441 1969 493 2022 aut
516 1961 654 2041 supplicii
681 1962 717 2021 de
741 1964 804 2021 cive
828 1962 961 2022 Romano
984 1963 1016 2020 in
1039 1981 1074 2022 ea
1097 1963 1172 2023 n‘rbe
1194 1965 1226 2022 in
1240 1973 1265 2011 ²⁰
1303 1941 1304 1980 l

214 2068 271 2128 qna
289 2049 452 2111 multorum
470 2053 639 2130 principum
663 2068 751 2110 nemo
770 2050 934 2110 deduxerat
956 2051 1056 2129 funus,
1080 2049 1228 2130 Scipionis

212 2157 283 2198 vero
314 2139 469 2200 Aemiliani
498 2148 566 2218 post
596 2137 803 2219 Carthaginem
834 2138 1081 2217 Numantiamque
1117 2139 1229 2200 deletas

213 2226 249 2286 ab
280 2247 316 2288 eo
345 2247 432 2288 nenio
459 2228 659 2289 vindicaverat
685 2236 822 2287 mortem.
868 2227 925 2287 hoc
953 2235 1070 2307 gestum
1097 2228 1135 2290 M.
1160 2228 1228 2290 Ser·

163 2315 294 2376 1²4vilio
327 2319 356 2376 0.
381 2316 479 2377 Cestio
508 2336 567 2376 cos.
595 2335 620 2378 a.
648 2315 721 2376 dv
750 2315 806 2376 kal.
830 2315 954 2396 Apriles.
1000 2335 1080 2376 nnnc
1109 2335 1228 2396 qnoque

213 2412 278 2464 erat
308 2407 339 2465 in
369 2405 444 2466 urbe
474 2405 567 2464 Roma
600 2404 672 2465 haec
705 2405 850 2483 prodente
883 2423 930 2464 me
963 2407 1073 2484 equitis
1103 2405 1227 2466 Romani
1240 2413 1265 2454 ’θ

214 2495 318 2552 cornix
347 2511 364 2553 e
391 2493 509 2554 Baetica
539 2495 669 2573 primum
701 2493 800 2553 colore
837 2495 911 2553 mira
944 2493 1102 2554 admodum
1135 2496 1229 2576 nigro,

213 2579 320 2640 deinde
343 2580 429 2660 plura
453 2590 592 2643 contenta
614 2581 704 2643 verba
728 2583 897 2661 exprimens
921 2590 952 2642 et
974 2582 1029 2641 alia
1057 2589 1146 2660 atque
1174 2582 1228 2642 alia

214 2668 321 2729 crebro
344 2669 508 2731 addiscens.
554 2689 609 2730 nec
633 2689 693 2730 non
717 2678 747 2730 et
770 2688 876 2730 recens
900 2670 976 2730 fama
999 2669 1114 2730 Crateri
1128 2670 1227 2732 Mono-

214 2759 324 2818 cerotis
356 2761 531 2836 cognomine
568 2761 599 2819 in
632 2758 758 2819 Erizena
794 2760 915 2837 regione
947 2759 1033 2819 Asiae
1071 2778 1227 2820 corvorum

213 2863 303 2926 opera
327 2849 462 2908 venantis
487 2867 521 2908 eo
541 2847 621 2926 qnod
640 2847 802 2908 devehebat
824 2849 856 2907 in
879 2847 966 2908 silvas
989 2865 1041 2907 eos
1063 2849 1227 2909 insidentes
1240 2855 1266 2895 ³⁰

213 2934 374 2997 corniculis
396 2939 577 3017 umerisque.
622 2936 664 2996 illi
688 2933 871 3014 vestigabant
894 2935 1078 3014 agebantque
1102 2955 1138 2997 eo
1161 2956 1227 3017 pev-

213 3024 302 3084 dncta
327 3026 543 3086 cousuetudine
566 3034 600 3084 nt
622 3032 782 3110 exeuntem
805 3026 848 3084 sic
872 3026 1087 3086 comitarentur
1111 3033 1140 3086 et
1162 3026 1227 3086 leri.

292 3176 425 3183 .--—.—..

284 3251 481 3320 toppositam
499 3255 531 3304 B.
623 3256 655 3305 12
673 3250 768 3320 posite
786 3251 813 3304 ll.
842 3267 880 3304 co
897 3247 1047 3318 inspersa?
1139 3256 1173 3305 16
1190 3266 1228 3304 au

213 3335 317 3374 corona
335 3321 379 3389 (ε
393 3320 606 3390 mantuano?
633 3323 685 3389 cfr.
700 3323 844 3376 VIII145.
918 3324 951 3374 18
965 3318 1095 3374 Redionli
1108 3321 1226 3376 eattae.

213 3389 267 3444 rid-
285 3396 309 3443 B
333 3393 502 3461 (iciuraa.)
526 3391 585 3446 a²a
617 3391 747 3446 ridiaouli
765 3392 803 3446 αἱ.
831 3390 919 3445 -eanli
935 3408 959 3446 r.
1048 3397 1084 3444 20
1103 3393 1153 3446 ant
1170 3393 1226 3447 lto.

213 3463 251 3513 ou
264 3463 361 3529 potius
379 3461 436 3516 ac?
521 3468 556 3517 at
576 3463 596 3517 G
614 3481 638 3516 o.
667 3481 694 3532 g.
713 3462 757 3516 12¹.
786 3467 873 3517 olis.
900 3462 939 3516 ho
957 3461 1000 3515 13¹.
1029 3467 1083 3516 n¹¹o
1102 3467 1128 3518 d.
1157 3461 1227 3518 δῖ’

212 3531 245 3582 iu
262 3546 317 3585 ros.
389 3539 423 3588 27
444 3536 574 3588 contexta
586 3533 655 3586 Μ’.
679 3535 724 3586 -tu
737 3534 822 3586 Favi.
842 3535 884 3587 -ta
898 3532 942 3586 ι’.
961 3549 1009 3587 ·xa
1021 3532 1066 3586 12¹.
1139 3539 1182 3590 28.
1193 3539 1225 3589 29

214 3600 363 3654 mo'cerotis
382 3608 481 3658 Mad.
554 3610 586 3657 31
607 3603 757 3658 corniculis
775 3604 842 3658 Dal.
871 3604 904 3657 -li
922 3605 950 3659 ll.
