2624 3954
316 139 400 195 uhu.
419 137 511 195 fflsr.
530 137 570 195 x1
588 143 692 196 oe-nr
713 142 874 211 (tos-rm)
1040 140 1106 206 273

7 357 8 372 ἶ
157 282 254 374 (110)
291 288 396 351 Testes
423 291 526 370 pecori
554 295 747 369 armerttoque
780 290 815 351 ad
849 308 937 352 erura
967 290 1097 374 decidui,
1105 299 1159 351 toa

90 377 185 440 subus
208 379 321 440 adnexi.
367 377 506 459 delphino
529 378 682 458 praelongi
704 378 807 440 ultima
835 379 1005 442 conduntur
1032 379 1106 462 alvo,

7 471 11 578 p
91 475 121 528 et
153 467 309 548 elephanto
342 467 460 540 oeoulti.
505 485 560 527 ova
591 469 770 548 parientium
801 467 910 530 lumbis
942 470 1024 532 intus
1056 469 1105 531 ad·

8 581 9 586 ¹
90 555 228 638 haerent,
251 555 347 636 qualia
370 557 507 618 ocissima
530 557 561 617 in
584 573 701 617 venere.
746 556 880 636 piscibus
902 558 1105 638 serpentibus-

63 657 149 724 sque
172 645 259 728 nulli,
290 645 343 706 sed
371 663 477 706 eorum
503 647 567 706 vioe
595 644 682 706 binae
710 645 747 706 ad
774 645 911 725 genitalia
939 665 955 707 a
983 647 1106 709 renibus
1128 665 1129 670 ¹

89 751 190 796 venae.
218 732 399 796 buteonibus
418 735 505 796 terni.
537 733 650 796 homini
668 741 785 796 tantum
803 736 911 796 iniuria
929 743 981 796 aut
999 744 1105 816 sponte

89 831 213 884 naturae
241 823 433 905 tranguntur,
460 823 550 901 idque
577 825 701 884 tertium
729 822 765 884 ab
795 823 1046 903 hermaphroditis
1076 833 1106 886 et

89 911 270 991 spadonibus
294 913 426 973 semiviri
448 929 543 991 genus
566 911 685 973 babent.
1092 915 1094 922 ’

155 1000 253 1062 Mares
270 1003 302 1062 in
320 1002 402 1062 omni
419 1018 529 1080 genere
548 1000 689 1062 fortiores
707 1008 780 1062 sunt
801 1009 1011 1081 praeterquam
1034 1019 1105 1081 pan·

46 1101 77 1144 ιο
89 1088 185 1150 theris
200 1098 238 1151 et
260 1091 349 1151 ursis,
650 1149 652 1152 .

157 1172 217 1240 50.
241 1171 338 1262 (111)
367 1177 483 1240 Caudae
506 1185 625 1259 praeter
648 1177 798 1240 hominem
821 1197 855 1240 ae
878 1181 979 1240 simias
1003 1180 1159 1240 omni-264

89 1265 146 1328 bus
168 1266 231 1328 iore
256 1274 286 1328 et
308 1266 415 1328 animal
438 1274 469 1328 et
492 1285 545 1328 ova
568 1265 758 1346 gignentibus
781 1285 837 1348 pro
865 1267 1012 1328 desiderio
1040 1284 1106 1328 eor-

45 1395 46 1400 κ
87 1373 210 1437 porum,
242 1355 337 1418 nudae
361 1355 458 1438 hirtis,
480 1365 514 1418 ut
541 1357 634 1439 apris,
666 1374 773 1436 parvae
801 1355 925 1437 villosis,
956 1363 992 1417 ut
1018 1358 1107 1437 ursis,

88 1443 258 1524 praelongis
280 1453 429 1528 melosae,
452 1453 484 1506 ut
507 1447 601 1524 equis.
648 1453 814 1524 amputatae
838 1445 958 1506 lacertis
986 1452 1017 1506 et
1043 1463 1105 1506 ser·

47 1531 230 1612 repentibus
252 1541 458 1613 renaseuntur,
503 1535 631 1614 pisohrm
654 1541 769 1596 meatus
796 1532 991 1614 gubernaculi
1018 1533 1106 1594 modo

89 1630 211 1702 regunt,
243 1615 332 1702 atq'ue
359 1625 450 1684 etiam
476 1624 508 1684 ln
535 1624 688 1686 dexteram
720 1641 753 1684 ac
785 1623 898 1684 laevam
929 1630 1040 1705 motae,
1072 1630 1106 1683 ut

89 1711 214 1790 remigio
238 1711 366 1790 quodam
386 1711 543 1792 inpellunt.
588 1711 708 1774 lacertis
734 1713 929 1774 inveniuntur
956 1719 987 1772 et
1014 1713 1105 1790 gemi-
1141 1757 1144 1761 -

87 1817 153 1861 nae.
194 1798 286 1862 houm
308 1800 411 1862 caudis
433 1800 625 1880 longissimus
647 1799 740 1862 cardis
763 1808 851 1880 atque
875 1803 907 1860 in
929 1801 988 1860 ima
1011 1807 1159 1880 perteret»
1209 1828 1258 1852 ω

88 1887 195 1950 hirtus.
236 1889 316 1952 idem
339 1891 431 1950 asinis
453 1888 569 1968 longior
593 1906 682 1967 quam
704 1891 800 1970 equis,
823 1889 876 1950 sed
900 1897 1035 1950 saetosus
1057 1907 1105 1948 ve·

44 1993 75 2034 ao
89 1979 204 2038 terinis.
248 1977 329 2038 leoni
350 1978 452 2038 intima
473 1984 568 2058 parte,
592 1985 625 2036 ut
647 1975 746 2037 bubus
768 1984 800 2038 et
822 1978 926 2059 sorici,
953 1974 1106 2056 pantheris

88 2083 151 2126 non
177 2068 263 2147 item,
292 2064 430 2146 vulpibus
459 2073 490 2125 et
516 2063 594 2144 lupis
624 2063 759 2145 villosus,
788 2072 823 2124 ut
849 2063 968 2144 ovibus,
998 2063 1107 2143 quibus

90 2155 252 2232 procerior,
298 2171 367 2215 sues
391 2154 577 2233 intorquent,
604 2170 712 2213 eanum
734 2152 898 2232 degeneres
926 2151 982 2224 sub
1010 2151 1108 2214 alvum
1144 2197 1148 2204 -

90 2240 258 2304 reflectunt.
803 2271 805 2276 v
1005 2309 1008 2314 ,
1102 2267 1104 2274 v

159 2323 217 2393 bl.
252 2324 348 2412 (112)
376 2328 487 2390 Voeem
512 2348 573 2391 uon
596 2329 705 2390 hebere
733 2331 791 2390 nisi
821 2346 896 2407 quae
926 2327 1159 2408 prdmouemroo

48 2435 76 2478 rs
90 2427 123 2480 et
144 2421 269 2481 arterias
291 2418 437 2500 babeant,
469 2418 525 2480 hoe
549 2425 594 2480 est
621 2421 680 2480 nisi
707 2435 781 2498 quae
811 2419 951 2499 spirent,·
968 2418 1105 2479 hristu-

92 2509 184 2570 teles
205 2516 299 2589 putat.
346 2507 463 2568 ideireo*
482 2515 513 2569 et
535 2510 657 2569 inseetis
680 2525 788 2569 sonum
810 2525 887 2588 esse,
909 2525 971 2568 non
993 2523 1106 2589 vocem,

90 2599 172 2659 intus
199 2600 348 2658 inmeante
377 2598 485 2676 spiritu
515 2607 545 2658 et
572 2596 688 2658 incluso
719 2604 856 2678 sonante,
885 2594 941 2657 alia
970 2614 1106 2658 murnuu

91 2687 194 2768 edere,
226 2693 261 2748 nt
290 2703 375 2768 apeS,¹
405 2684 460 2746 alia
490 2703 559 2747 oum
588 2693 687 2747 traetu
717 2685 889 2765 stridorem,
921 2691 956 2745 ut
981 2684 1106 2767 cicadas,

163 2838 281 2894 bbiuae
300 2855 351 2895 om.
369 2846 421 2893 na.
489 2839 528 2894 u9
553 2840 618 2894 sunt
634 2843 669 2892 Ι.
697 2855 748 2893 om.
766 2854 810 2892 ru.
902 2843 935 2892 12
955 2837 984 2892 eb
1001 2837 1108 2892 animad

90 2913 121 2966 ei
138 2915 173 2965 Ι.
199 2926 249 2964 su·
266 2911 296 2964 et
312 2910 433 2967 RHurd.
458 2911 539 2966 mali
556 2911 600 2965 11².
627 2909 760 2964 -mnlibus
776 2910 861 2966 redd.
871 2908 1035 2965 onteHord.
1101 2937 1103 2945 ι

91 2987 126 3036 14
144 2981 245 3038 sebosis
263 2981 424 3052 praelongis
441 2985 473 3038 B·
546 2986 581 3037 18
600 2981 689 3043 erulis
706 2979 830 3036 nmo.
858 2980 913 3034 -dis
931 2980 975 3034 12¹.
994 2985 1107 3038 ornavi.-

162 3057 197 3107 20
215 3051 292 3108 leoni
309 3052 396 3108 idio.
421 3051 477 3108 -uis
494 3053 560 3108 Νι.
586 3069 665 3107 -num
682 3057 714 3106 R·
736 3068 787 3108 om.
806 3056 842 3106 Ι.
864 3053 869 3122 l
891 3051 989 3106 infima
1006 3056 1051 3107 do.
1077 3051 1108 3108 in

88 3125 182 3195 prime
199 3129 262 3178 13.
295 3124 326 3178 in
343 3123 429 3178 trima
447 3142 473 3183 a.
504 3123 535 3178 in
552 3125 608 3179 iria
625 3130 655 3178 u.
688 3125 763 3179 bour
780 3123 904 3179 mum
920 3127 1038 3178 sanatos
1060 3128 1107 3180 est.

88 3197 205 3266 fortasse
222 3197 457 3266 transportandum
474 3201 526 3250 eat:
552 3194 686 3251 veterinis
704 3195 734 3249 eb
750 3194 781 3248 in
798 3193 890 3264 prima
911 3195 1004 3264 parim
1030 3192 1107 3249 leoni

89 3268 122 3321 ui
139 3267 238 3322 bubus.
274 3268 389 3338 uulgato
407 3268 484 3322 lectio
502 3267 652 3322 dilucidior
669 3267 720 3334 dot
741 3266 896 3321 scribendo:
919 3267 1047 3320 saetosus
1063 3265 1107 3318 io·

89 3340 136 3392 ius
158 3337 300 3394 veterinis.
409 3343 445 3392 24
467 3338 629 3408 pulmonem
640 3369 673 3382 «-
684 3341 718 3391 26
737 3336 793 3391 nisi
810 3353 882 3405 quas
899 3335 1032 3390 lilledd.
1042 3341 1106 3390 oum

90 3409 191 3464 Hord:
208 3425 259 3464 om.
277 3426 301 3465 r.
411 3414 445 3464 26
467 3409 592 3464 habeant
614 3407 672 3464 Uri.
690 3408 766 3462 vind.
785 3424 814 3463 o,
831 3412 898 3463 212.
931 3408 991 3462 eni
1007 3405 1077 3460 lini.
1099 3405 1102 3476 l

91 3479 199 3549 spirant
217 3499 243 3534 a.
313 3483 348 3534 28
368 3496 431 3534 eum
449 3481 542 3534 bmetu
560 3481 617 3535 llo.
647 3480 793 3534 contractu
810 3477 883 3534 Deti.
910 3477 1008 3532 attribu
1028 3477 1106 3530 Prot.

91 3555 121 3605 at
138 3551 241 3606 stridor
258 3566 316 3606 non
334 3552 498 3620 explicatur,
516 3552 563 3606 sed
576 3551 746 3606 describitur.
766 3548 853 3603 Arist.
867 3549 893 3602 b.
908 3565 933 3603 a.
949 3549 976 3600 V
981 3553 999 3602 9
1009 3564 1040 3615 p.
1051 3551 1107 3602 535

89 3621 156 3699 B,6
174 3623 210 3677 τὰ
229 3623 254 3676 δ’
273 3625 349 3694 ᾄδειν
368 3623 485 3692 λέγεται,
504 3622 566 3678 οἷον
586 3621 612 3677 ol
625 3621 760 3714 firmite.
786 3627 825 3674 ott
840 3633 895 3674 eeu
913 3615 1047 3673 ennium?
1102 3647 1108 3666 t

144 3711 212 3753 Pane.
226 3721 284 3755 aar.
298 3723 361 3755 urar.
388 3713 420 3756 IL
549 3720 561 3744 s
912 3710 945 3759 18
1008 3729 1013 3738 ·
