2594 3960
336 137 422 194 nar.
441 139 534 194 nisu.
554 140 579 194 x
599 115 704 195 2'3-24
723 143 849 212 (er-aa)
1018 133 1098 209 '175

67 290 181 366 itaque
211 296 300 349 noctu
331 281 385 364 [is]
415 306 465 348 eas
495 291 604 350 excitat
634 289 832 369 admonetque
859 293 984 353 itineris.
1030 303 1099 355 otus

67 375 202 438 bubone
218 379 317 438 minor
337 384 393 457 est,
415 379 533 437 noctuis
552 380 655 458 maior,
678 378 800 439 auribus
819 379 947 458 plumeis
966 384 1097 442 eminen-

67 464 171 546 tibus,
194 465 272 526 uude
297 473 327 525 et
350 483 459 526 nomen
482 466 525 526 illi
548 499 590 510 —-
615 467 734 544 quidam
758 467 861 529 Latine
885 471 1025 531 axionem
1049 489 1097 531 vo·

67 562 146 614 cant
172 587 214 596 -
237 555 381 614 imitatrix
406 553 477 614 alias
500 556 561 614 avis
584 573 618 615 ac
641 558 770 634 parasita
793 564 823 616 et
841 556 969 636 quodam
988 577 1099 638 genere

39 643 223 704 ssaltatrix.
273 645 390 722 eapitur
420 642 499 704 haud
529 643 689 704 difficulter
719 654 753 705 ut
782 653 922 726 noctuae,
954 649 1099 708 intentam

66 734 101 791 in
128 732 263 810 aliquem
286 733 492 792 circumeunte
515 732 580 793 alio.
626 733 706 812 quod
734 735 759 793 si
786 740 893 794 ventus
921 753 1026 814 agmen
1050 737 1098 796 ad·
1118 745 1153 796 61

65 839 165 880 verso
179 820 252 880 llatu
267 821 367 899 coepit
379 819 525 903 inhibere,
542 820 737 901 pondusculis
755 821 886 902 lapidum
904 823 1098 903 adprehensis

66 917 125 970 aut
152 917 275 988 gutture
299 909 409 969 harena
432 909 546 989 repleto
571 910 715 971 stabilitae
739 910 846 973 volant.
891 912 1099 974 ¹coturnicibus

67 1001 185 1059 veneni
215 1015 319 1058 semen
349 1000 538 1077 gratissimus
568 999 669 1080 cibus,
703 1017 792 1079 quam
826 998 864 1059 ob
899 1019 1018 1062 causam
1049 1019 1098 1061 eas

28 1105 54 1144 1o
68 1087 255 1149 damnavere
279 1105 414 1168 mensae,
437 1087 584 1166 simulque
609 1087 786 1148 comitialem
808 1096 933 1168 propter
953 1089 1099 1150 'morbum

68 1176 185 1255 despui
213 1183 346 1257 suetum,
379 1194 468 1255 quem
501 1175 592 1236 solae
612 1176 782 1238 animalium
814 1180 948 1238 'sentiunt
978 1186 1099 1256 praetor

67 1264 237 1326 hominem.
895 1327 898 1333 .
968 1338 970 1343 ,

143 1347 205 1416 24.
234 1346 310 1435 (34)
349 1352 468 1414 Abeunt
500 1363 530 1414 et
562 1354 737 1416 hirundines
769 1354 904 1416 hibernis
937 1355 1099 1436 mensibus
1118 1364 1153 1415 ‘10

71 1443 139 1502 sola
164 1460 254 1503 carno
278 1459 402 1502 vescens
426 1444 487 1502 avis
511 1445 607 1502 exiis
631 1461 705 1522 quae
734 1443 865 1503 aduncos
893 1461 1009 1522 ungues
1037 1463 1099 1504 non

34 1547 58 1587 15
70 1531 196 1592 hahent.
248 1530 301 1591 sed
328 1531 360 1590 in
387 1533 483 1591 vicina
514 1530 625 1592 abeunt
654 1533 771 1612 apricos
801 1539 921 1593 secutae
951 1536 1099 1595 montium

71 1638 225 1700 recessus,
248 1621 446 1699 inventaeque
469 1622 529 1680 iam
552 1627 623 1681 sunt
644 1620 687 1682 ibi
709 1621 806 1682 nudae
826 1631 915 1701 atque
934 1622 1097 1702 deplumes.

73 1709 250 1770 Thebarum
272 1715 351 1769 tecta
375 1707 476 1769 subire
499 1717 660 1790 negantur,
689 1713 828 1788 quoniam
855 1709 929 1770 urbs
957 1710 1006 1772 illa
1034 1729 1097 1772 sae·

75 1800 147 1876 pius
173 1805 262 1876 capta
291 1799 345 1877 sit,
380 1816 436 1858 uec
465 1796 572 1875 Bizycs
606 1801 638 1858 in
669 1797 795 1860 Threcia
824 1807 949 1878 propter
983 1800 1097 1860 scelera

78 1885 175 1948 Terei.
212 1885 339 1946 Caecina
357 1885 567 1947 volaterranus
586 1889 735 1966 equestris
754 1887 868 1948 ordinis
886 1886 1097 1967 quadrigarum
1116 1897 1150 1946 11
1241 1885 1242 1888 ’

35 1975 217 2036 rodominus
241 1974 473 2055 comprehensas
496 1978 527 2035 in
552 1974 657 2047 urbem
677 1993 780 2037 seeum
798 1976 938 2036 auferens
956 1979 1098 2037 victoriae

74 2067 198 2125 nuntias
221 2066 324 2125 amicis
346 2063 484 2124 mittebat
505 2066 537 2124 in
556 2065 685 2125 erindem
703 2065 807 2124 nidum
824 2073 993 2125 remeantes
1012 2065 1097 2126 inlito

32 2169 37 2173 ·
74 2156 230 2214 victoriae.
248 2152 356 2213 colore.
401 2153 492 2217 tradit
520 2161 550 2213 et
572 2151 703 2213 Fabius
730 2152 855 2213 Pictor
881 2155 914 2212 in
941 2153 1097 2214 annalibus

75 2245 154 2324 suis,
182 2261 251 2303 cum
275 2240 464 2302 obsideretur
486 2242 670 2321 praesidium
692 2240 859 2301 Romanum
886 2260 902 2302 a
926 2241 1098 2324 Ligustinis,

73 2331 270 2394 hirundinem
288 2348 305 2389 a
322 2329 412 2410 pullis
436 2329 471 2390 ad
495 2349 527 2390 se
551 2329 690 2412 adlatam,
712 2338 747 2391 ut
768 2330 829 2390 lino
853 2329 889 2390 ad
907 2331 1013 2411 pedem
1033 2333 1098 2392 eius
1181 2325 1182 2330 ’

38 2433 62 2475 as
75 2421 204 2502 adligato
242 2419 328 2479 nodis
361 2420 542 2497 significaret
578 2427 669 2498 quoto
702 2419 750 2480 die
782 2419 957 2480 adveniente
989 2419 1097 2480 araxilio

75 2511 197 2589 eruptio
220 2508 287 2567 fieri
305 2506 442 2578 deberet.

145 2590 221 2679 (35)
245 2595 364 2656 Abeunt
383 2604 413 2656 et
431 2596 563 2656 merulae
581 2597 722 2675 turdique
742 2605 772 2658 ct
791 2599 888 2678 sturni
903 2595 990 2658 simili
1009 2597 1097 2658 modo
1117 2604 1152 2654 ‘12

75 2689 108 2747 in
130 2688 237 2746 vicina.
278 2685 332 2745 sed
359 2685 391 2744 hi
413 2684 544 2764 plumam
567 2704 628 2745 non
651 2688 790 2746 amittunt
817 2703 873 2746 nec
901 2685 1098 2767 occultantur,

76 2777 134 2835 visi
156 2792 246 2854 saepe
273 2773 316 2834 ibi
339 2792 398 2852 quo
426 2772 586 2835 hibernum
613 2773 755 2852 pabulum
776 2782 892 2854 petunt.
937 2776 1038 2853 itaque
1066 2777 1098 2834 in

41 2877 65 2920 so
79 2863 237 2924 Germania
259 2861 357 2922 hieme
386 2865 511 2922 maxime
539 2863 621 2923 turdi
649 2861 822 2924 cernuntur.
868 2865 968 2923 verius
997 2870 1098 2922 turtur

152 3101 268 3178 11111111
281 3123 438 3192 1901111111·
450 3091 602 3176 librarium
616 3122 713 3189 fefellit
724 3121 836 3176 noctuas
849 3137 874 3174 o
888 3127 918 3176 2.
990 3127 1007 3174 3
1022 3120 1097 3175 axio·

79 3211 182 3250 nemo.
202 3192 273 3248 acsi·
287 3193 325 3247 sl.
345 3193 451 3248 cebir.
514 3192 670 3274 tparasita
684 3192 742 3246 121.
761 3192 955 3262 parensitar.
1012 3191 1098 3245 oali·

80 3283 135 3334 quo
149 3269 228 3319 ΞΜ.
297 3263 509 3318 ssnbffitceo.
528 3263 610 3318 —itele
625 3265 652 3318 lt.
672 3281 710 3318 cc
724 3210 920 3318 stabilitatae?
986 3267 1019 3316 10
1033 3279 1097 3331 pru·
1170 3319 1173 3326 ,

80 3337 208 3391 dentium
225 3334 840 3404 11111118111111123.1119111011
859 3332 982 3389 1111111
1009 3331 1098 3388 adrico

79 3409 143 3461 1⁸2¹.
176 3405 442 3461 101111111111.
475 3410 580 3460 -caert
660 3411 693 3459 18
712 3405 780 3474 Bizy
781 3421 810 3459 es
829 3405 913 3460 Solm.
945 3404 1040 3458 binaes
1059 3402 1096 3457 2⁹

81 3479 200 3534 -zicisr
217 3477 268 3545 1111
285 3475 406 3531 Threcia
424 3476 557 3531 Ionos.¹
549 3494 579 3530 m
596 3475 727 3532 tracicr.
755 3476 876 3531 intrema
893 3475 960 3528 2¹11.
990 3474 1101 3528 intrant

80 3551 124 3604 12²
149 3548 274 3602 1111111111
290 3566 314 3601 a„
388 3551 421 3601 25
441 3547 654 3618 significaretd.
683 3563 767 3601 rer
788 3547 898 3616 lquoto
916 3544 1014 3598 We
1041 3561 1098 3612 quo

80 3626 104 3674 a
119 3619 270 3690 (cumrato.)
285 3622 309 3673 1.
337 3618 435 3687 quinto
454 3635 493 3672 r..
600 3653 603 3660 ,
874 3667 876 3669 .
