2608 3958
464 149 671 206 PRAEFATIO
988 175 1076 222 xm

55 301 300 376 Dulccampio
324 299 437 360 medico
461 318 489 359 a
514 302 598 360 1587
623 302 733 376 editus,
757 321 827 362 nem
850 321 931 378 cum,
954 305 990 362 ut
1011 305 1081 380 ipss

56 391 94 450 de
116 410 148 452 se
170 389 350 466 profitetur,
374 382 463 464 ‘quse
486 389 649 449 adrerum
672 392 874 468 coguitionem
895 392 1011 453 faciunt
1038 393 1079 452 iis

56 481 256 556 anteponeret
282 497 359 554 quae
381 477 420 536 ad
447 479 587 537 ornatum
615 482 646 538 et
673 481 788 555 copiam
816 481 961 542 cretionis
988 501 1077 559 quse·

56 570 164 628 runtur
188 587 224 627 ac
248 560 487 644 comparentur',
514 567 546 626 id
568 568 759 644 potissimum
782 570 854 646 egit.
872 573 908 629 ut
936 570 1076 646 antiquos

56 660 194 718 auctores
219 657 273 734 qui
295 655 333 714 de
354 653 463 714 iisdem
484 673 519 715 ec
541 656 658 716 Plinius
681 658 771 717 rebus
798 659 985 736 scripserunt
1012 659 1078 718 dili-

56 749 162 823 genter
194 745 385 805 examinaret
413 763 576 822 eorumque
607 747 789 818 testimoniis
821 749 854 806 in
885 748 980 808 doctis
1014 748 1081 807 suis

55 835 302 897 adnotationibus
326 833 459 892 Plinium
481 833 570 893 modo
592 835 763 895 illustraret
785 837 873 896 modo
897 837 1080 914 corrigerem
1197 848 1202 857 ·

53 926 214 1000 praeterea
236 924 270 981 in
291 922 430 998 margine
453 921 562 982 adiecit
585 927 636 982 sex
659 924 806 1002 codicum,
830 925 862 983 in
883 926 931 984 his
956 925 1075 984 Ohiffle-

53 1013 128 1072 tiani
152 1017 184 1072 et
210 1011 376 1085 (inisduni,
399 1012 542 1071 lectiones
566 1012 771 1091 discrepantes
795 1015 826 1072 et
849 1013 1078 1079 observationes

54 1103 304 1176 coniecturusque
331 1101 448 1175 aliquot
474 1119 542 1159 cum
572 1119 641 1160 suas
670 1103 736 1160 tum
758 1102 901 1178 Barbari,
928 1103 1076 1177 ahenam

52 1191 176 1267 Budaei
200 1189 345 1265 Pinticni,
369 1189 510 1265 Turnebi,
534 1191 670 1250 aliorum.
708 1190 812 1249 eedem
833 1191 897 1250 fere
916 1191 976 1249 fuit
993 1192 1077 1250 ratio

51 1280 201 1340 Ioannis
224 1278 342 1350 Laeti,
372 1277 424 1354 qui
446 1278 597 1338 codicibus
625 1279 746 1356 quidem
768 1297 829 1339 non
851 1280 996 1356 excussis,
1021 1281 1076 1340 sed

53 1363 185 1430 ‘collatis
213 1367 338 1444 nuperis
366 1366 549 1426 editionibus
579 1369 610 1426 et
639 1369 806 1427 multorum
833 1368 1080 1428 doctissimorum

50 1459 189 1519 virorum
212 1455 475 1516 observationibus
503 1450 664 1516 adhibitis'
687 1457 850 1516 editionem
872 1458 1075 1518 Eluevirie-

50 1566 129 1606 nam
156 1564 187 1606 a.
212 1546 298 1606 1635
327 1544 457 1620 cumevit3
490 1545 626 1605 modeste
654 1547 734 1606 euim
761 1547 798 1605 de
826 1565 881 1606 sua
909 1566 1001 1623 opere
1028 1547 1075 1606 ita

50 1636 201 1711 loquitur:
216 1627 393 1710 ‘plurimum
406 1634 537 1692 eliorum
550 1635 667 1695 iudiciis
681 1635 783 1711 tribui,
798 1653 865 1694 meo
879 1653 1076 1712 perparvumt

50 1724 201 1801 imprimis
216 1723 320 1782 autem
334 1723 430 1782 detuli
443 1723 602 1782 clarissimi
619 1723 680 1783 viri
694 1723 811 1782 Oleudii
825 1723 965 1783 Salmasii
983 1725 1076 1782 enim·

52 1811 299 1885 adversionibus,
329 1829 457 1888 quarum
485 1830 547 1872 non
576 1812 718 1889 exiguum
746 1831 906 1872 numerum
934 1814 966 1872 in
994 1813 1082 1873 notis

52 1901 193 1962 indicaui
240 1917 339 1977 pauca
360 1900 520 1962 admodum
542 1901 639 1960 adhuc
662 1903 791 1977 mutavi,
820 1901 921 1977 potius
943 1902 1077 1960 indican-

51 1992 122 2051 dum
144 1993 247 2066 ratus,
272 1988 420 2065 quomodo
443 1985 556 2048 mutari
579 1989 733 2050 commode
755 1984 904 2066 possent'.
941 1990 1080 2049 Hackii

6 2145 7 2152 χ
52 2081 180 2157 denique
202 2079 317 2138 fratres
340 2078 487 2159 Lugduni
503 2079 691 2140 Batavorum
713 2097 739 2138 e.
765 2081 849 2138 1669
873 2079 1078 2138 renovandam

6 2169 8 2234 ἰ
52 2169 237 2230 curaverunt
259 2166 421 2227 editionem
443 2168 720 2244 Delecampiunum,
742 2167 801 2226 nisi
823 2166 904 2244 quod
926 2185 1081 2226 commen--

51 2391 154 2460 prodit,
169 2391 201 2445 in
213 2390 270 2445 hec
285 2390 380 2444 autem
392 2391 529 2445 nonnulla
542 2389 675 2461 leguntur
689 2406 793 2459 comm,
812 2407 884 2459 quee
899 2407 934 2444 ex
951 2387 1075 2444 editione

52 2460 237 2534 Lugdunensi
262 2477 287 2514 a.
313 2465 381 2516 1563
407 2461 550 2517 adnotavi.
597 2461 670 2517 miro
694 2478 761 2516 vero
788 2478 880 2516 errore
908 2462 938 2515 la
958 2479 1004 2515 sus
1031 2462 1077 2516 est

54 2533 195 2604 Silligius,
219 2532 309 2600 quod,
329 2549 392 2586 cum
414 2533 502 2602 praef.
521 2551 549 2602 p.
563 2531 655 2586 XXIV
678 2533 755 2586 recte
773 2531 892 2587 dixisset
915 2533 923 2560 ‘
953 2531 1077 2588 alenium

53 2622 115 2660 cum
140 2604 268 2658 Barbaro
295 2603 479 2658 fundamenta
505 2603 635 2658 lectionis
662 2603 797 2672 vul-gatae
824 2605 936 2673 praeter
964 2605 1082 2658 ceteros

51 2676 150 2730 iecisse
175 2673 346 2729 censendum
369 2675 455 2743 esse',
478 2693 506 2744 p.
524 2673 600 2728 LXV
617 2691 675 2729 non
698 2675 757 2728 sine
781 2674 985 2744 significatione
1010 2689 1074 2730 con·
1116 2742 1118 2746 Δ

53 2747 189 2802 scientiae
208 2745 268 2799 veri
281 2744 396 2799 tandem
410 2762 428 2799 c
442 2761 471 2800 se
490 2745 598 2800 inventi
612 2763 663 2816 pro
678 2746 755 2800 certo
775 2745 927 2800 affirmavit
940 2745 1074 2803 Ioannem

52 2816 133 2871 illum
151 2816 325 2882 Victoriam,
349 2816 493 2871 hominem
516 2817 627 2871 obscuri
650 2815 776 2884 alioquin
800 2815 933 2882 nominis,
965 2815 1073 2884 ‘splen-

53 2888 129 2942 dida’
147 2887 272 2942 editione
286 2886 417 2957 Lugduni
430 2904 455 2943 a.
471 2891 540 2942 1582
556 2889 654 2942 curate
666 2887 819 2941 lectionem
833 2887 980 2956 vulgatam
993 2887 1079 2954 quasi
1127 2949 1128 2952 Ἴ

53 2957 209 3014 absolvisse
235 2959 265 3012 et
289 2974 496 3014 consummasse
522 2958 637 3027 eiusque
663 2957 795 3012 editionis
821 2958 964 3026 exemplar
990 2957 1078 3012 Dele-

55 3029 196 3100 campium
210 3028 286 3098 typis
300 3029 510 3098 repetendumt
549 3029 675 3100 ographo
690 3045 741 3084 suc
754 3028 912 3084 tradidisse.
950 3028 1075 3082 sedium
1162 3027 1163 3032 ’

53 3100 243 3157 aitenzcnico
263 3100 370 3154 discere
387 3103 512 3169 poterat,
551 3117 604 3155 anc
623 3099 775 3154 editionem
793 3117 850 3155 uon
869 3101 995 3154 curatam
1014 3114 1084 3153 csse⁴

53 3171 229 3240 aVictoric;
255 3171 413 3241 sumptibus
432 3173 506 3226 enim
524 3171 602 3226 Petri
621 3169 825 3254 §antummum
842 3169 972 3240 Lugduni
989 3169 1074 3222 Beta-

52 3261 162 3370 sitta
178 3243 568 3384 tremiscas?
584 3241 1080 3393 {tussitat-usucap

55 3402 126 3454 quae
145 3402 169 3440 a.
190 3391 268 3442 1553.
289 3389 368 3466 15531.
389 3391 458 3440 1563
478 3385 635 3459 sumptibus
653 3385 769 3440 Antonii
786 3384 929 3440 Vincentia
945 3381 1075 3450 Lugduni

56 3457 222 3526 prodierant.
251 3455 384 3528 possideo
398 3457 547 3525 utramque
561 3458 591 3511 et
604 3455 744 3510 Gallicum
763 3473 789 3510 a.
804 3461 872 3508 1563
893 3455 923 3508 et
934 3453 1084 3532 Batauam..

59 3545 82 3610 s.
101 3534 169 3613 1532
191 3531 221 3585 et
238 3529 314 3584 inter
334 3543 363 3582 se
383 3527 489 3583 contuli
511 3543 601 3596 neque
625 3527 714 3582 uilem
737 3528 830 3581 textus
853 3522 1079 3590 discrepantium-

60 3617 159 3655 mvem.
807 3637 809 3640 -
