2594 3960
206 133 271 198 202
552 129 581 184 O.
600 129 700 184 PLINl
719 127 876 184 SECUNDI

205 300 340 362 ansereS,
363 297 451 360 apros
474 297 544 340 vero
568 279 651 340 tardo
674 286 705 338 et
733 295 836 338 cervos
864 295 920 338 nec
948 279 1005 340 nisi
1033 277 1071 337 ab
1105 276 1234 337 infantia

205 372 346 432 educatos
373 371 483 430 mirum
511 375 565 428 est.
612 367 827 446 quadripedum
855 373 1050 446 praegnantes
1083 383 1234 433 venerem

196 468 308 521 arcent
329 467 450 538 praeter
473 475 580 536 equam
603 465 633 518 et
657 474 749 518 suem.
796 457 848 518 sed
877 456 1061 535 superfetant
1094 455 1233 534 dasypus

194 556 236 609 ‘et
258 549 344 628 lepus
367 555 491 610 tantum.

152 646 202 696 183
271 631 327 698 64.
346 631 421 720 (84)
441 617 652 740 Quaecumque
670 634 776 696 animal
794 637 940 714 pariunt
932 653 963 696 m
982 636 1079 714 capita
1102 635 1257 712 gignunls

204 728 385 792 clmernracto
410 726 472 786 fetu
492 724 547 786 sub
567 727 696 805 omnum,
720 725 817 785 alias
808 742 840 785 m
859 731 945 785 utero
964 730 1120 802 porrecto.
1164 740 1234 800 qua·

204 815 343 894 dripedes
374 821 529 894 gestantur
559 815 689 874 extensis
717 813 753 875 ad
780 813 994 892 longitudinem
1023 811 1191 874 cruribus·
1207 818 1235 870 et

204 903 300 965 alvum
324 921 408 964 suam
431 903 595 983 adplicatis,
623 902 711 962 homo
739 904 770 963 in
798 909 893 964 semet
920 899 1120 981 conglobatus
1153 903 1234 960 inter

151 1005 203 1054 184
213 993 271 1052 duo
300 1011 396 1072 genua
419 991 541 1053 naribus
564 994 638 1052 sitis
667 991 780 1071 molas,
796 985 840 1054 xde
863 990 972 1070 quibus
995 983 1068 1052 ante
1083 991 1234 1068 diximus

151 1074 202 1125 ⁷¹⁶³
212 1084 292 1161 gigni
314 1089 420 1161 putant
446 1080 499 1142 ubi
526 1081 633 1142 mulier
656 1098 716 1141 non
740 1098 776 1140 eu
799 1097 894 1162 mare,
924 1097 1027 1140 verum
1056 1098 1095 1140 ex
1131 1085 1230 1138 semet
1245 1093 1265 1132 ro

203 1173 267 1250 ipsa
289 1178 405 1232 tantum
428 1172 608 1253 conceperit.
653 1169 720 1230 ideo
747 1187 803 1229 nec
832 1171 968 1248 animari,
993 1169 1064 1247 quia
1093 1185 1164 1228 non
1195 1168 1232 1226 sit

203 1277 239 1319 ex
264 1258 394 1339 duobus,
418 1259 611 1337 altricemque
639 1256 748 1318 babere
777 1275 831 1338 per
859 1276 891 1318 se
919 1259 1008 1318 vitam
1035 1257 1119 1318 illam
1151 1273 1229 1334 quae

203 1349 275 1408 satis
299 1347 515 1426 arboribusque
539 1349 698 1425 contingat.
736 1340 796 1410 65.
821 1365 857 1407 ex
880 1345 1028 1427 omnibus7
1051 1362 1132 1424 quae
1159 1362 1228 1424 per·

203 1438 297 1498 lectos
321 1437 409 1516 fatue,
432 1454 500 1496 sues
519 1443 633 1497 mutum
657 1442 687 1496 et
705 1453 880 1508 numerosos
900 1435 1001 1514 edunt,
1024 1452 1097 1496 acm
1118 1433 1226 1514 plures

203 1533 307 1585 contra
330 1533 467 1587 naturam
490 1523 692 1604 solidipedum·
710 1531 761 1601 aut
783 1523 976 1586 bisuloorum.
1240 1537 1261 1576 15

151 1625 202 1675 185
270 1607 344 1694 (85)
365 1611 461 1690 Super
476 1620 582 1672 erruota
601 1620 648 1673 est
666 1615 797 1674 murium
810 1613 897 1692 setus,
916 1611 994 1673 haud
1014 1613 1077 1674 siue
1098 1618 1229 1672 cuncta·

204 1703 284 1762 tione
315 1700 473 1780 dicendum,
505 1718 683 1780 quamquam
717 1700 773 1762 sub
804 1707 926 1762 auctore
957 1700 1161 1761 Aristotele
1195 1706 1222 1758 et

203 1788 397 1850 Alexandri
414 1789 529 1867 Magni
547 1789 733 1850 militibus.
765 1792 919 1868 generatio
938 1805 1042 1849 eorum
1061 1787 1221 1850 lambendo

116 1925 118 1929 .
203 1886 354 1958 constare,
377 1895 437 1937 uon
454 1879 555 1958 coitu,
578 1879 696 1940 dicitur.
743 1896 779 1938 ex
807 1896 865 1938 una
892 1879 1008 1980 genitos
1032 1889 1106 1937 cxx
1130 1876 1217 1938 tradi·
1278 1945 1279 1948 ¹

203 1967 324 2048 derunt,
352 1967 429 2047 aptnl
452 1966 559 2026 Persas
585 1985 656 2027 vero
678 1975 877 2045 praegnantes
900 1969 930 2026 iu
953 1973 1023 2028 vent
1024 1983 1057 2026 re
1085 1966 1218 2044 parentis
1231 1979 1255 2018 ro
1278 1959 1279 2048 l

203 2063 422 2134 repertasc
406 2055 536 2116 ctsalis
568 2062 688 2134 gustatu
720 2055 786 2116 fieri
817 2062 1013 2158 praegnantes
1047 2056 1218 2133 opinantur.

151 2145 311 2224 orsusque
336 2145 444 2205 desinit
466 2147 580 2205 mirum
604 2163 670 2206 esse
697 2143 777 2204 unde
800 2146 845 2204 vis
873 2152 954 2204 tanta
982 2159 1096 2203 messes
1123 2161 1218 2222 popu·

202 2233 281 2294 letur
303 2236 435 2295 murium
462 2235 638 2314 agrestium,
667 2235 698 2293 in
729 2230 838 2311 quibus
868 2231 940 2293 illud
971 2231 1066 2292 adbuc
1097 2249 1217 2310 quoque

201 2323 281 2405 latet,
305 2341 433 2401 quonam
457 2321 544 2383 modo
567 2321 616 2382 illa
639 2321 798 2382 multitudo
826 2327 950 2400 repente
978 2319 1102 2380 occidat.
1149 2338 1217 2380 uam

201 2430 257 2471 neo
281 2413 430 2472 exanimes
453 2413 646 2490 reperiuntur
669 2428 766 2489 neque
790 2416 886 2473 exstat
909 2411 961 2488 qui
983 2427 1098 2471 murem
1118 2409 1215 2470 bieme
1228 2420 1250 2460 2⁵

201 2501 232 2558 in
252 2517 322 2577 agro
342 2499 485 2558 effoderit.
512 2499 633 2577 plurimi
650 2501 692 2562 ita
711 2499 746 2560 ad
761 2495 874 2560 Troada
893 2499 1086 2578 proveniunt,
1109 2505 1140 2558 et
1158 2501 1216 2558 iam
1278 2557 1279 2562 ,

201 2586 270 2646 inde
289 2588 467 2666 fugaverunt
484 2587 604 2650 incolas.
636 2595 798 2691 proventus
817 2605 922 2649 eorum
941 2585 1133 2648 siccitatibus.
1158 2596 1214 2647 tra·

149 2713 151 2718 -
201 2676 276 2740 dunt
264 2677 388 2736 tetiam
407 2675 534 2738 obituris
552 2677 777 2739 vermiculum
770 2695 801 2737 m
824 2678 919 2755 capite
943 2677 1032 2756 gigni.
1065 2675 1214 2755 Aegyptiis
1278 2667 1279 2748 l

204 2825 416 2832 „nu-W„
1278 2793 1279 2854 l

273 2899 366 2954 tfetu
380 2904 498 2955 555155
515 2902 519 2968 Ι
540 2901 610 2956 abas
624 2902 710 2955 Bcrb
715 2899 757 2968 (9)
781 2917 821 2954 m
835 2901 862 2954 ll
888 2901 938 2966 cfr.
949 2900 1036 2956 Arist.
1049 2901 1075 2956 5.
1091 2917 1117 2955 c.
1133 2903 1213 2954 Vlla
1278 2855 1279 2950 l

195 2971 510 3042 5556555535.
537 2971 1023 3041 5555515555ΙροπθοῒοΒα55θ)
1050 2973 1093 3026 -la
1111 2973 1139 3026 ll
1278 3013 1279 3046 ἰ

202 3041 401 3097 textenlisll.
473 3049 507 3098 10
526 3042 763 3098 exsemetseru.
788 3059 843 3098 as·
857 3047 889 3096 15.
917 3057 1026 3096 eas-r.
1099 3049 1212 3098 14sues
1278 3081 1279 3108 2

200 3115 310 3168 tantum
329 3111 386 3168 ue.
413 3131 461 3169 sue
479 3116 574 3169 tantus
592 3120 623 3168 B
646 3113 865 3169 cetenensium
891 3114 1210 3182 -tosr.lnumeresr¹
1278 3111 1279 3168 3

200 3185 229 3238 in
242 3185 407 3239 humerosos
421 3185 457 3240 ab
475 3187 560 3252 lnam
574 3201 629 3254 epo
657 3185 726 3241 ilem
740 3186 797 3240 555
820 3184 954 3240 sententio
971 3189 1021 3239 est:
1040 3201 1107 3238 nam
1120 3185 1210 3254 plures
1278 3191 1279 3252 t

201 3256 286 3326 [fetus
311 3255 392 3309 edere
415 3256 469 3326 est]
494 3258 744 3311 consensuram
767 3261 813 3312 cet.
855 3256 905 3322 cfr.
924 3255 1015 3338 §176
1033 3261 1058 3309 et
1076 3256 1164 3310 515555.
1182 3257 1211 3310 de
1278 3257 1279 3308 ζ

198 3329 409 3396 9555551576
427 3329 490 3382 uait.
567 3333 601 3381 20
619 3327 853 3398 praegnantes'm
870 3327 958 3382 Borb.
986 3326 1043 3380 ‘m-
1034 3321 1118 3384 enus
1138 3330 1159 3398 (·
1149 3326 1209 3382 -atis

198 3398 279 3464 B.)ll
315 3399 319 3466 Ι
357 3399 435 3454 utero
458 3398 518 3452 edd
537 3393 601 3454 5555
618 3399 709 3454 Ηα55.
749 3401 753 3467 Ι
792 3397 916 3468 parentis
933 3399 1020 3452 Burb.
1057 3397 1166 3453 -rientis
1183 3400 1208 3454 ll.
1278 3405 1279 3456 ζ

199 3469 250 3536 cfr
270 3469 357 3522 Arist.
375 3469 401 3521 5.
420 3487 447 3522 e
467 3472 510 3521 VI
519 3472 600 3538 371).
611 3469 713 3534 eaoB,
727 3474 764 3526 30
862 3475 896 3526 23
919 3469 1011 3524 adhuc
1028 3483 1138 3540 quoque
1157 3486 1207 3553 epo.
1278 3467 1279 3514 l

199 3538 420 3664 ererum
438 3541 559 3666 tet..
581 3511 985 3679 cantassemus
996 3611 1041 3666 t.
1058 3543 1100 3665 r
1278 3603 1279 3632 «
