2624 3954
113 77 124 92 '
193 110 260 176 264
546 108 575 164 c.
594 108 694 164 rann
713 107 871 164 sncuunr

193 265 273 324 intor
309 267 388 322 tecta
424 257 604 339 vespertilio.
667 258 777 320 horum
813 258 875 320 alae
912 277 1031 339 quoque
1069 256 1213 320 articulos

192 349 311 411 habent.
1147 387 1150 394 «
1275 355 1276 360 ’

139 446 192 497 tas
259 438 316 500 Pili
335 456 351 498 e
371 445 439 500 cute
459 445 569 499 exeunt
588 455 688 498 crassa
705 437 786 519 hirti,
803 437 923 498 feminis
941 439 1108 519 tenuiores,
1126 437 1213 516 equis

193 531 225 589 in
248 526 317 588 iuba
339 527 423 608 largi,
445 528 476 586 in
499 528 590 588 armis
612 526 705 609 leoni,
728 524 870 606 dasypodi
893 534 923 588 et
945 528 977 587 in
999 525 1103 588 buccis
1130 527 1214 588 intus

195 625 225 678 et
248 616 304 678 sub
327 615 467 698 pedibus,
496 634 570 695 quae
594 623 720 695 utraque
745 614 884 695 Trogus
911 623 941 677 et
967 617 1000 699 in
1026 615 1130 696 lepore
1153 623 1243 676 tra-s

194 706 282 786 didit,
307 704 365 766 hoe
389 704 523 784 exemplo
545 703 766 767 libidinosiores
788 704 943 766 hominum
970 723 1089 784 quoque
1110 703 1215 765 *hirtos

141 793 356 874 isoeolligens.
401 793 607 855 villosissimus
630 792 800 855 animalium
823 792 918 873 lepus.
962 793 1102 874 pubescit
1122 792 1213 854 bomo

195 883 290 964 solus,
314 882 393 962 quod
421 884 479 944 nisi
507 884 666 965 contingit,
693 882 805 943 sterilis
831 884 864 942 in
890 881 1039 963 gignendo
1067 887 1127 962 est,
1158 899 1214 945 seu

194 989 257 1034 snas
285 989 339 1034 seu
366 972 484 1033 lentina.
535 971 587 1051 pili
617 973 649 1032 in
680 971 800 1032 homine
831 973 941 1051 partim
972 971 1074 1053 simul,
1105 972 1216 1051 partim
1291 983 1292 1044 t

194 1068 297 1140 postea
320 1063 492 1140 gignuntur.
537 1060 570 1121 hi
597 1062 738 1122 castratis
767 1077 828 1121 non
855 1067 1034 1144 naseuntur,
1062 1061 1215 1140 congeniti
1229 1079 1260 1122 so
1292 1057 1293 1108 l

195 1157 295 1211 autem
318 1167 378 1210 non
401 1147 551 1230 desinunt,
574 1150 653 1211 sieut
676 1167 731 1210 nec
755 1149 874 1210 feminis
897 1167 1004 1230 magno
1027 1167 1128 1229 opere.
1168 1151 1214 1209 in·

194 1246 298 1300 ventae
328 1246 429 1299 tamen
460 1238 604 1318 quaedam
634 1237 760 1299 defluvio
792 1239 897 1317 capitis
922 1238 1086 1320 invalidae,
1119 1245 1155 1300 ut
1184 1244 1217 1299 et
1295 1279 1296 1348 1

194 1327 349 1407 lanugines
371 1328 446 1408 oris,
473 1345 543 1388 cum
565 1328 712 1388 menstrui
735 1345 843 1388 sursus
870 1333 991 1388 stetere.
1037 1325 1217 1407 quibusdam

194 1424 263 1496 post
295 1403 388 1494 geniti
419 1417 491 1477 viris
525 1422 630 1496 sponte
663 1433 723 1476 non
755 1417 927 1495 gignuntur.
981 1413 1216 1496 quadripedibus

142 1512 192 1562 231
204 1504 297 1584 pilum
317 1504 423 1566 cadere
447 1512 536 1584 atquo
560 1503 705 1566 subnasci
722 1523 855 1567 annuum
878 1513 932 1568 est.
977 1506 1050 1566 viris
1073 1511 1259 1566 crassantis

195 1595 321 1654 maxime
343 1595 375 1653 in
399 1593 519 1674 capillo,
541 1612 611 1654 mox
633 1595 665 1655 in
688 1592 788 1655 barba.
833 1596 924 1655 recisi
950 1612 1011 1655 non
1041 1600 1076 1655 ut
1102 1592 1215 1655 herbae
1300 1649 1301 1692 1

102 1739 105 1746 ,
195 1699 229 1742 ae
259 1688 359 1742 cetera
390 1680 428 1742 ab
457 1683 589 1743 incisura
619 1689 782 1764 augentur,
814 1681 868 1744 sed
896 1681 935 1744 ab
964 1683 1064 1745 radice
1094 1690 1214 1744 exeunt.
1301 1724 1302 1740 a

195 1778 336 1831 creseunt
359 1777 390 1830 et
412 1772 444 1830 in
468 1771 646 1850 quibusdam
668 1769 795 1853 morbis,
822 1774 949 1832 maxime
967 1773 1098 1852 pbtltisi,
1125 1779 1155 1832 st
1181 1773 1214 1832 in
1302 1798 1303 1810 ¹

194 1866 330 1940 senecta,
363 1858 512 1922 defunctis
545 1879 664 1941 quoqne
697 1859 884 1942 corporibus.
942 1859 1110 1922 libidinosis
1142 1877 1210 1921 con·
1303 1872 1304 1890 ¹

195 1949 289 2028 geniti
311 1949 457 2010 maturius
475 1948 620 2030 defluunt,
643 1951 742 2030 agnati
764 1948 893 2012 celerius
912 1957 1061 2011 crescunt.
1094 1948 1207 2030 quadri·
1225 1961 1257 2004 so

195 2035 322 2116 pedibus
346 2045 500 2100 senectute
524 2045 714 2100 crassescunt
732 2037 875 2118 lanaeque
898 2047 1064 2102 rarescunt.
1097 2037 1214 2118 quadri·

269 2251 282 2298 1
302 2243 467 2316 uespertilio
485 2244 587 2300 horum
605 2252 678 2301 nso.
705 2243 818 2301 -liorum
835 2249 867 2301 B.
893 2244 1012 2300 -lionum
1029 2247 1055 2301 d.
1127 2250 1144 2298 3
1162 2239 1218 2315 pili

196 2316 294 2370 etr’o.
323 2315 390 2371 -lioe
408 2315 452 2371 nt
479 2315 501 2370 -l
554 2322 585 2372 lt.
614 2315 680 2372 -lia
698 2317 965 2385 colemannus.
994 2331 1035 2372 -se
1049 2333 1074 2372 ι.
1101 2330 1217 2386 gissus

195 2387 238 2443 nt
275 2386 366 2457 grossi
383 2386 427 2442 θ’.
457 2387 461 2456 l
502 2386 602 2442 eminis
620 2388 679 2442 tto.
715 2404 754 2442 on
770 2385 913 2443 hominis?
945 2387 996 2455 cfr.
1013 2388 1094 2456 infra
1110 2403 1134 2443 o.
1155 2391 1218 2442 det

196 2458 284 2512 Arist.
298 2459 325 2515 b.
339 2475 365 2512 o.
380 2460 471 2514 [1110
484 2459 828 2526 p.51713‚8-10et27.
849 2457 853 2531 Ι
874 2457 940 2527 equi
957 2465 1009 2516 Its.
1082 2463 1098 2513 ὅ
1118 2458 1169 2514 sub
1182 2462 1216 2516 B.

196 2529 226 2583 in
243 2545 279 2582 ro
316 2529 366 2597 cfr.
384 2529 469 2584 indes
488 2530 554 2585 labri
571 2535 597 2584 et
609 2530 697 2585 Arest.
716 2531 734 2584 l.
754 2531 828 2586 t12
843 2545 875 2599 p.
885 2534 939 2586 519
948 2531 985 2599 A,
994 2533 1042 2586 23.
1114 2534 1131 2583 8
1151 2545 1217 2585 eon·

196 2599 282 2670 tingit
299 2604 331 2652 s.
360 2601 403 2654 -at
420 2601 680 2657 deddanteflord.
709 2600 788 2671 -ugn
804 2618 827 2659 r.
927 2606 943 2655 9
967 2617 1027 2666 mos
1045 2606 1077 2654 tt.
1105 2607 1166 2656 mos
1184 2606 1215 2658 n.

195 2681 302 2729 τηατ-ζ-
320 2674 344 2726 d:
372 2671 514 2726 masculus
532 2689 578 2727 oo.
661 2678 694 2726 10
712 2671 945 2727 hi-nosountur
961 2677 994 2726 B.
1021 2688 1072 2727 orn.
1091 2689 1136 2726 ro.
1164 2673 1215 2738 cfr.

196 2743 284 2797 Arist.
304 2742 322 2796 t.
337 2743 354 2798 t.
368 2747 403 2796 11
417 2759 449 2812 p.
460 2747 516 2798 618
524 2742 561 2812 A,
569 2748 612 2798 31.
631 2746 678 2796 IX
687 2748 724 2799 60
737 2759 768 2813 p.
779 2748 837 2802 632
847 2744 884 2810 A,
893 2747 919 2798 3.
933 2747 959 2800 4.
978 2743 1011 2798 de
1028 2759 1089 2813 yso.
1102 2759 1149 2798 oss.
1164 2745 1193 2795 V
1198 2747 1216 2798 3

191 2814 432 2884 simmaco.
462 2814 467 2882 Ι
497 2815 627 2869 cubatio
645 2814 707 2870 sat.
736 2815 834 2870 oannis
851 2818 883 2871 B.
992 2821 1026 2870 12
1044 2815 1215 2872 utetnod

196 2884 276 2939 uelut
288 2885 381 2940 Redd.
391 2890 456 2941 ante
465 2885 522 2940 Get.
592 2892 625 2941 18
639 2885 786 2957 lanugines
801 2887 877 2941 codd.
890 2885 979 2941 Barb.
994 2885 1052 2941 Get.
1071 2885 1128 2942 -ine
1141 2889 1217 2942 M

196 2954 325 3026 longuini
341 2960 374 3011 B.
401 2955 562 3028 lanuginosi
579 2957 641 3014 Sat.
669 2959 720 3025 cfr.
734 2957 823 3012 Arist.
836 2957 862 3012 a.
877 2974 903 3012 o.
918 2959 1007 3011 [1111
1019 2974 1049 3027 p.
1060 2961 1116 3014 518
1124 2958 1161 3026 Α,
1170 2961 1217 3012 34.

269 3033 303 3082 14
321 3027 411 3098 geniti
423 3027 587 3084 Beroaldus.
606 3029 655 3084 tis
669 3029 697 3084 il.
714 3029 719 3098 Ι
734 3028 802 3083 uiris
816 3029 874 3084 lto.
897 3029 945 3083 sed
962 3033 1012 3083 out
1029 3029 1161 3098 yiossm
1177 3033 1219 3084 est

197 3103 247 3154 aut
265 3099 406 3168 leonidem
427 3099 495 3154 viris
514 3101 545 3154 et
560 3099 685 3156 feminis:
714 3100 764 3168 cfr.
778 3099 830 3155 Ar.
849 3101 866 3156 l.
886 3100 903 3154 i.
917 3099 1099 3170 p.518B,2.
1181 3105 1216 3154 17

197 3169 380 3226 assutiae
393 3174 425 3225 n.
450 3172 500 3225 ant
513 3174 562 3225 ss.
590 3171 626 3227 ab
640 3188 684 3227 ro.
702 3172 706 3239 l
723 3173 816 3226 cetera
834 3171 870 3226 ab
888 3174 920 3225 12.
948 3172 1043 3226 cetera
1060 3171 1217 3227 reddent.

196 3240 314 3368 eos
327 3240 571 3379 fs
585 3241 965 3370 orus
982 3317 1036 3368 „t
1062 3247 1095 3297 ¹⁸
1108 3241 1220 3370 isar

195 3383 298 3440 functis
317 3389 348 3438 tt.
377 3385 450 3438 ›tum
466 3402 490 3438 r.
523 3331 628 3440 -iolroum
645 3402 670 3440 o.
698 3355 707 3382 ’
774 3390 809 3440 20
832 3387 962 3440 crescunt
977 3385 1070 3440 Horti.
1102 3389 1220 3440 reor-1

196 3453 431 3511 eddonbllord.
460 3455 537 3510 deor·
555 3473 579 3511 r.
606 3472 683 3512 excr·
701 3457 771 3512 enni.
786 3456 853 3512 Dat.
925 3461 958 3514 st
982 3455 1120 3525 lanaeque
1141 3471 1219 3511 rore-

197 3526 279 3580 sount
296 3526 354 3580 tto.
380 3527 428 3582 scd
445 3531 630 3597 exspectamus
643 3527 740 3598 potius
756 3526 809 3598 pili
820 3527 972 3598 ‚lanaeque
992 3527 1042 3582 sed
1059 3527 1220 3584 rarescunt:

198 3593 247 3659 cfr.
266 3595 354 3654 Arni.
374 3597 392 3652 l.
411 3597 428 3652 l.
443 3613 475 3668 ρ.
485 3603 541 3655 518
550 3598 587 3668 B,
597 3603 640 3655 31.
